3354 5344
343 413 440 514 w8
757 409 1076 510 NOTAE

338 633 448 742 quod
462 651 598 742 captus
614 633 718 730 effer,
735 633 981 740 injudiciurn
994 635 1101 744 quod
1111 637 1197 742 capi
1212 640 1394 739 noluerit,
1410 661 1452 728 et
1467 667 1494 727 a

222 750 231 771 ⁸
335 797 446 866 tanto
463 799 625 886 tyranno
642 797 682 864 et
697 767 869 868 rbonstro
886 783 1045 866 absumi.
1078 784 1225 866 Verum
1241 784 1400 890 sequens
1416 773 1491 874 ex}

335 929 493 1034 plicatio
507 931 755 1013 concinnior:
777 930 852 1014 hac
866 931 1061 1035 piscatoris
1074 931 1178 1035 turpi
1192 933 1409 1018 adulatione
1421 939 1486 1018 ni*

332 1077 391 1162 nil
407 1077 653 1183 potuine-effe
669 1079 835 1182 apertius
854 1097 894 1162 et
909 1077 1174 1172 manifestiusr
1192 1098 1231 1161 et
1248 1099 1378 1164 tamen
1396 1085 1487 1166 Do·

335 1227 519 1310 mitianua
532 1229 627 1312 adeo
636 1227 792 1310 stolidus
809 1247 903 1323 erat,
920 1247 965 1312 ut
976 1227 1050 1310 hac
1060 1245 1141 1308 taur
1152 1225 1291 1330 frigida
1298 1232 1489 1315 adulatio-

332 1403 385 1458 ne
398 1376 520 1458 elatus
534 1395 576 1459 et
588 1375 769 1482 superbus
783 1377 960 1461 animum
973 1375 1176 1470 attolleret,
1191 1374 1360 1480 falsaque
1370 1379 1485 1462 laude

332 1525 617 1610 intumesceret.
645 1525 785 1610 Labin.
831 1595 836 1604 ,

387 1697 472 1778 ιο3.
497 1671 666 1758 Barbato
690 1670 867 1776 r‘urporrere
891 1668 982 1770 regi.
1027 1667 1271 1774 simplicibus
1289 1671 1483 1768 moribu83

327 1820 380 1904 fic
404 1821 513 1903 enirn
527 1817 729 1924 proverbio
744 1815 984 1921 appellabant
997 1812 1176 1896 homines
1191 1815 1385 1898 rusticane
1406 1846 1474 1902 ve-

332 1969 468 2062 ritatis,
491 1984 530 2049 et
545 1965 747 2070 srmplices,
763 1960 949 2046 barbatos.
976 1963 1123 2062 Grang.
1443 2023 1446 2030 .

386 2119 471 2196 116.
496 2115 543 2197 A
552 2127 665 2216 ponte
675 2107 834 2214 satelles.
870 2108 1041 2191 Posrtum
1056 2131 1167 2194 more
1183 2109 1358 2216 adjectivi
1375 2113 1482 2216 quod

198 2295 204 2304 ·
329 2256 444 2362 pauci
459 2258 640 2340 notarint.
675 2251 965 2336 Observandum
983 2253 1024 2334 in
1046 2255 1182 2356 primis
1198 2256 1334 2336 eadem
1351 2253 1479 2338 forma

330 2399 483 2486 dicendi
499 2429 577 2506 qua
592 2401 747 2494 dicitur,
765 2395 948 2497 asceretis
965 2397 1041 2480 &a

384 2569 474 2631 rar.
494 2539 1478 2650 Advelarnraptos.·1nterpreteshien0naudioqui

330 2690 476 2776 velaria
486 2694 620 2775 locum
630 2683 702 2772 effe
719 2688 881 2770 afferunt
891 2687 960 2769 ubi
976 2689 1059 2774 vela
1073 2687 1344 2772 reconduntur.
1381 2690 1482 2784 imo,

329 2839 446 2922 aliam
461 2867 535 2942 ego
544 2833 675 2921 lucem
687 2837 751 2931 do,
770 2837 877 2918 etita
891 2837 1027 2941 capio:
1046 2830 1149 2938 quali
1167 2835 1330 2918 laudarit
1346 2856 1387 2918 et
1401 2835 1483 2918 stu·

327 2984 455 3094 puerit
468 2979 728 3076 adulatorille,
743 2982 846 3086 quod
860 2981 1215 3084 ludisgladiatoriis,
1228 2981 1483 3084 pueriepeg-
1642 3025 1643 3030 Ν

328 3163 434 3228 mate
451 3141 577 3222 subito
599 3139 641 3217 in
661 3135 798 3226 altum,
819 3133 971 3214 occulta
995 3131 1163 3235 quadam
1183 3129 1365 3214 machina
1385 3134 1485 3235 rapti

328 3291 416 3383 lint,
432 3305 475 3371 et
491 3283 539 3368 ad
554 3282 638 3366 vela
653 3281 743 3386 ipsa.
770 3283 866 3362 Sane
883 3260 1033 3384 recepti
1042 3279 1083 3362 in
1100 3274 1410 3380 Amphitheatris
1424 3297 1483 3359 ta-

256 3537 263 3560 .
327 3443 383 3526 les
396 3439 514 3533 lusus,
526 3432 693 3536 talesque
709 3447 852 3534 raptus,
898 3425 979 3509 Vad.
996 3419 1146 3508 Admir.
1163 3427 1268 3508 Rom.
1289 3422 1390 3507 Tum.
1409 3453 1444 3508 2.
1526 3485 1535 3504 .
1641 3413 1642 3457 ³

384 3619 468 3694 149.
492 3586 622 3672 Anxia
637 3581 829 3686 pracipiti
848 3578 924 3660 &a
957 3575 1139 3668 Adversa,
1162 3573 1297 3678 pennis
1317 3574 1484 3677 epistola

328 3736 479 3828 additis,
495 3734 590 3814 ficut
610 3728 786 3835 prospera
808 3721 931 3804 aureis
955 3719 1070 3802 ramis
1091 3715 1413 3818 fignificabmtur,
1442 3735 1485 3800 et
1640 3793 1641 3820 p

326 3876 611 3964 nuntiabantur.
661 3871 824 3972 Denpst.
854 3863 989 3948 Caelr'us
1014 3860 1211 3964 Rodr'gr'nus
1231 3861 1281 3943 ad
1299 3861 1479 3944 ,celerriass
1517 3969 1521 3976 =
1639 3967 1640 3970 .

329 4043 400 4109 tem
417 4019 546 4105 refert.
569 4017 638 4098 lib.
659 4041 694 4095 a.
712 4037 796 4114 cap.
818 4037 878 4092 ao.
904 4033 996 4092 narn
1011 4005 1124 4090 altius
1145 4022 1186 4090 et
1204 4004 1318 4111 citius
1338 4004 1380 4084 in
1399 4003 1483 4083 ani-

1303 4179 1308 4186 ’
1362 4169 1486 4228 unum
