3350 5336
269 487 273 501 '
436 469 1130 608 JufvsnaarsSarrnaXff
1322 447 1400 600 99⁴

249 678 367 768 Illum
382 681 618 788 exercitibus
627 683 871 790 preponere?
896 701 1000 766 tutor
1015 682 1149 767 baberi
1216 721 1226 732 ·
1378 741 1382 752 .

249 813 902 940 Principis„Augusta,Caprearum
915 828 1067 932 inrupe
1082 827 1253 910 sedentis·

247 977 356 1060 cum
371 1003 486 1090 grege
503 957 717 1072 Chaldaeo?
738 977 915 1088 siscerte
930 975 1019 1079 pila,
1044 974 1234 1075 cohortes,
1381 1012 1384 1020 ¹

248 1116 437 1235 Egregios
453 1121 615 1226 equites,
638 1139 678 1202 et
692 1116 1042 1240 castra,dome1iim.
1070 1118 1220 1229 Qidni
1332 1143 1394 1230 x95

250 1259 350 1342 Haec
367 1264 527 1378 cupias?
550 1265 591 1345 et
608 1264 677 1365 qui
693 1263 833 1346 nolunt
848 1263 1020 1348 occidere
1036 1291 1287 1376 quemquam,

249 1407 358 1494 Poffe
372 1413 521 1522 volunt.
571 1409 645 1494 Sed
660 1439 745 1516 quae
761 1411 938 1516 praeclara
961 1429 1001 1492 et
1016 1411 1191 1518 prospera
1204 1409 1317 1504 tanti,
1348 1473 1382 1514 a
1452 1383 1455 1399 ⁴

249 1549 311 1642 Ut
326 1562 437 1644 rebus
452 1563 547 1646 letis
562 1591 631 1668 par
647 1561 693 1668 sat
706 1561 880 1644 mensura
895 1559 1114 1644 malorum?

186 1809 188 1820 ,
251 1705 382 1814 Hujus
398 1711 467 1814 qui
486 1709 648 1816 trabitur
664 1724 887 1814 praetextam
904 1707 1052 1790 sumere
1069 1709 1214 1802 mavisr
1379 1801 1382 1808 ¹

250 1857 319 1962 An
334 1857 581 1954 Fidenarum,
607 1858 900 1963 Gabiorumque
917 1856 990 1940 effe
1004 1859 1182 1960 potestas,
1334 1879 1405 1944 roo
1464 1877 1466 1883 ‘

252 2004 307 2086 Et
323 2005 375 2111 de
389 2007 564 2092 mensura
574 2005 641 2112 jus
657 2007 795 2106 dicere,
820 2005 903 2088 vasa
918 2007 1071 2088 minora

252 2147 458 2250 Frangere,
483 2147 671 2254 pannosus
686 2149 814 2252 vacuis
830 2147 969 2244 AEdilis
984 2144 1169 2230 Ulubris?

254 2289 360 2393 Ergo
376 2293 472 2398 quid
487 2291 703 2398 optandum
719 2291 837 2380 foret,
857 2289 1041 2394 ignoraffe
1056 2289 1186 2386 fateris
1351 2375 1352 2383 Ν

255 2431 449 2538 Sejanum.
498 2434 608 2516 Nam
623 2437 693 2538 qui
708 2437 849 2518 nimios
862 2433 1215 2542 optabat-honores,
1364 2483 1388 2538 ·.

254 2579 311 2660 Et
326 2580 654 2686 nimiasposcebat
670 2607 775 2685 oper,
799 2581 999 2662 numerosa
1014 2579 1172 2684 parabat
1328 2599 1399 2686 ως

255 2699 424 2803 Excelsae
439 2722 552 2822 turris
569 2721 750 2816 tabulata,
776 2723 877 2803 unde
894 2721 1004 2802 altior
1021 2721 1110 2801 effes
1178 2795 1180 2798 .
1225 2813 1227 2821 χ
1289 2777 1291 2781 -

257 2867 387 2964 casus,
413 2887 452 2948 et
468 2868 638 2972 impulsae
653 2895 820 2974 praeceps
836 2872 1007 2951 immane
1019 2870 1155 2988 ruinae,

187 3035 190 3042 '
257 3013 367 3124 Qid
382 3015 544 3110 Craffos,
567 3017 663 3120 quid
679 3017 883 3122 Pompeios
900 3020 1046 3136 evertit,
1071 3037 1110 3098 et
1126 3017 1240 3102 illum

258 3161 325 3242 Ad
339 3160 409 3242 sua·
420 3162 488 3267 qui
503 3159 671 3246 domitos
686 3163 845 3246 deduxit
857 3164 975 3266 flagra
991 3164 1191 3270 Qiritesi
1209 3231 1213 3240 .
1331 3199 1334 3222 ’-
1360 3215 1361 3218 ¹
1388 3170 1391 3206 ³

257 3307 441 3389 Summus
457 3335 598 3412 nempe
614 3309 718 3392 locus
734 3309 839 3423 nulla
854 3337 931 3394 non
950 3327 1035 3390 arte·
1045 3310 1200 3411 petitus,
1335 3321 1406 3402 eru

260 3449 482 3551 Magnaque
497 3451 721 3533 numinibus
739 3470 828 3532 vota
844 3451 1021 3534 exaudita
1037 3450 1227 3551 malignis.

261 3594 327 3676 Ad
344 3619 528 3694 generum
546 3596 693 3682 Cereris
709 3595 785 3676 fine
798 3593 903 3676 caede
919 3612 959 3676 et
974 3593 1128 3674 vulnere
1144 3595 1260 3698 pauci

260 3736 505 3821 Descendunt
522 3765 648 3839 reges,
666 3757 706 3820 et
721 3740 817 3820 sacca
833 3757 960 3826 morte
979 3743 1142 3842 tyranni.
1216 3807 1219 3812 .

255 3881 475 3986 Eloquium
492 3911 536 3964 ac
551 3884 698 3967 famam
717 3883 1001 3977 Demosthenis,
1028 3880 1094 3966 aut
1110 3887 1309 3970 Ciceronis
1389 3905 1392 3975 ζ

224 4102 229 4116 ,
261 4027 402 4126 Incipit
417 4047 562 4130 optare,
588 4049 627 4110 et
645 4030 737 4112 totis
755 4029 1061 4136 Qinquatribus
1078 4048 1199 4130 optat,
1337 4053 1377 4104 rr
1385 4049 1406 4126 ς

263 4171 446 4300 Qisquis
463 4173 588 4257 adhuc
605 4198 685 4256 uno
700 4194 856 4279 partam
866 4176 958 4256 colit
975 4175 1045 4258 affe
1063 4175 1295 4292 Minervam,
1361 4269 1365 4284 .
1390 4196 1394 4204 “

792 4323 877 4404 Ga
1279 4320 1411 4425 Qem
