3350 5336
273 477 369 577 132
489 444 826 582 'Juvnuatts
861 445 1073 588 Snnunn
1110 433 1240 540 XIII.

267 669 397 751 Nocte
414 665 554 773 dieque
570 663 683 750 suum
699 665 841 770 gestare
857 667 896 746 in
916 653 1068 768 pectore
1085 651 1234 746 testem.
1370 708 1373 718 ·

169 885 176 904 ,
255 811 455 915 ¹Spartano
471 811 629 892 cuidam
647 807 839 914 respondit
856 807 995 912 Pythia
1009 824 1132 898 vates}
1160 797 1164 804 ’
1330 777 1341 792 ⁸

267 955 391 1040 Haud
406 956 648 1061 impunitum
663 953 862 1057 quondam
879 952 974 1046 fore,
1000 952 1107 1057 quod
1123 947 1318 1034 dubitaret
1355 973 1431 1028 ooo

269 1101 500 1208 Depofitum
516 1102 691 1196 retinere,
717 1119 757 1184 et
772 1100 946 1183 fraudem
954 1096 1042 1204 jure
1060 1097 1158 1181 tueri
1320 1095 1323 1102 ’

270 1249 468 1356 Jurandot
495 1248 687 1354 querebat
705 1251 811 1330 enim
827 1274 913 1352 quae
929 1247 1099 1330 numinis
1115 1245 1205 1329 effet
1275 1243 1279 1249 ’
1354 1243 1358 1254 ’

269 1393 388 1476 Mens
397 1427 412 1487 ς
437 1409 540 1474 etan
560 1390 637 1474 hoc
653 1392 708 1474 illi
726 1392 875 1474 facinus
892 1387 1232 1494 suaderet'Apollo.

269 1539 456 1622 Reddidit
470 1567 562 1642 ergo
578 1559 699 1634 metu,
725 1569 804 1624 non
820 1540 1011 1631 moribus;
1036 1557 1078 1619 et
1094 1555 1224 1620 tamen
1240 1533 1400 1620 omnem

268 1679 421 1766 Vocem
438 1680 540 1788 adyti
556 1684 716 1788 dignam
733 1683 879 1790 templo
894 1677 1102 1786 verantque
1118 1681 1323 1785 probaoits
1353 1705 1426 1784 «ος
1471 1731 1484 1742 ,

269 1831 491 1913 Exsttnetus
505 1847 587 1913 tota
600 1831 740 1936 pariter
754 1857 847 1912 cum
863 1827 983 1933 prole,
1007 1829 1218 1934 domoque,

269 1977 326 2058 Et
341 1975 514 2080 quamvis
532 1973 648 2076 long'a
662 1973 833 2056 dedudtis
850 1975 965 2076 gente
979 1977 1220 2082 propinquis.

269 2119 355 2200 Has
373 2117 665 2222 patitur'poenao
681 2117 866 2220 peccandi
882 2115 958 2198 sola
966 2118 1160 2224 noluntas.
1295 2150 1298 2156 *

268 2261 392 2355 Nam,
417 2259 534 2344 scelus
551 2263 652 2346 intra
668 2261 706 2344 se
722 2263 885 2346 tacitum
901 2261 969 2368 qui
984 2263 1129 2366 cogitat
1145 2263 1285 2362 ullum,
1330 2355 1336 2366 ,

268 2409 378 2496 faoi
398 2411 545 2495 crimen
561 2408 689 2492 hebet.
740 2409 862 2503 Cedo,
886 2410 1252 2516 ficonata'peregit?
1304 2465 1306 2472 ·
1351 2435 1428 2518 oto

268 2555 458 2660 Perpetua
472 2553 654 2650 anxietas,
680 2557 751 2636 noc
768 2556 906 2639 mensae
922 2557 1251 2662 temporecedat3'
1345 2563 1365 2654 J
1495 2583 1499 2590 ’

267 2703 464 2786 Faucibus
482 2720 526 2783 ut
543 2701 680 2784 morbo
696 2703 816 2798 occis,
840 2706 1019 2810 interque
1030 2698 1209 2788 'molares'

267 2847 432 2931 Difficili
450 2846 636 2928 crescente
651 2846 754 2926 cibo.
805 2846 879 2927 Sed
894 2849 983 2929 vina
998 2849 1187 2949 mi'sellu's'
1278 2852 1284 2862 ’
1332 2850 1347 2879 ’·

267 2987 455 3094 Exspu’itt
480 2985 626 3070 Albani
640 2989 774 3071 veteris
792 2989 954 3098 pretiosa
968 2993 1137 3076 senectus
1257 2995 1262 3002 ’
1298 3029 1303 3040 ·
1364 3003 1368 3011 ‘

257 3133 470 3238 Displicet.
522 3131 711 3245 ostendas
728 3129 881 3229 meliu's,
908 3134 1119 3220 denfiffitna
1134 3129 1249 3242 ruga*
1349 3165 1419 3242 αις

127 3323 134 3336 -
269 3277 436 3380 Cogitur
451 3277 492 3356 in
506 3273 690 3369 frontem,
716 3275 820 3357 velut
837 3279 915 3358 acri
930 3277 1046 3360 ducta
1060 3279 1236 3366 Falerno.
1293 3313 1299 3322 ’
1342 3285 1346 3294 ’

266 3418 398 3508 Nocte
414 3419 569 3500 brevem
586 3403 614 3500 si
632 3419 732 3501 forte
748 3421 903 3502 indulfit
918 3449 1009 3506 cura
1024 3423 1213 3527 soporen'n,

266 3571 322 3652 Et
339 3587 423 3650 toto
442 3567 582 3649 versata
598 3567 778 3671 to'rojam
795 3571 970 3652 membra
987 3573 1203 3675 quiescunt,
1324 3581 1328 3588 '
1412 3581 1420 3590 '

200 3703 204 3708 ⁴
265 3714 466 3794 Continuo
483 3711 689 3814 templum,
715 3724 754 3792 et
769 3713 896 3793 violati
913 3719 1083 3797 numinis
1101 3745 1194 3812 aras,
1265 3782 1269 3791 .
1344 3713 1350 3727 '

13 3927 14 3940 i
163 3845 165 3850 ¹
264 3860 334 3952 Et,
361 3857 468 3962 quod
485 3859 687 3961 pnaecipuis
705 3873 877 3946 mentem
896 3856 1097 3945 sudoribus'
1113 3885 1237 3968 urget,
1301 3872 1425 3956 'oto

266 4007 330 4086 Te
347 4004 450 4085 videt
466 4004 505 4082 in
524 4003 678 4083 somnis.
728 4004 818 4084 Tua
835 4006 941 4086 sacra
958 4025 997 4086 et
1015 4005 1137 4113 major
1151 4014 1281 4116 imago
1330 4043 1335 4050 “

264 4137 451 4233 Humana
469 4149 597 4234 turbit
613 4150 813 4254 pavidum,
838 4149 1021 4256 cogitque
1039 4149 1162 4239 fateri.

1222 4332 1227 4356 ⁸
1363 4304 1422 4396 tu·
