3350 5336
249 385 314 484 68
472 355 806 520 Juvnuauts
849 385 1072 484 Sanina
1116 393 1210 492 vlt.

567 769 941 900 satana
989 769 1095 866 vn.
1211 777 1213 786 ¹

356 1007 397 1090 T
414 1007 507 1112 spes,
526 1025 566 1088 et
580 1007 677 1087 ratio
693 1005 904 1090 studiorum
918 1009 958 1088 in
975 1007 1120 1090 Caesare
1136 1025 1309 1092 tantum

382 1152 490 1234 Solus
507 1153 613 1232 enim
629 1151 750 1232 tristes
768 1150 842 1234 hac
859 1153 1080 1258 tempestate
1094 1181 1285 1238 camoenas

200 1405 211 1424 .
246 1297 444 1401 Respexit,
460 1325 553 1378 cum
564 1294 648 1402 jam
665 1295 830 1398 celebres
848 1297 1009 1403 notique
1025 1306 1149 1403 po‘e'tae

247 1445 473 1534 Balneolum
489 1443 637 1538 Gabiis,
659 1445 796 1534 Romae
813 1443 1025 1532 conducere
1042 1443 1174 1530 fumos
1411 1551 1414 1558 ι

234 1595 477 1688 ‚Tentarenn
498 1621 568 1674 nec
585 1591 736 1682 stadum
753 1592 817 1680 alii
834 1619 904 1680 nec
921 1610 1031 1696 turpe
1046 1611 1226 1698 putarent
1372 1617 1396 1700 ς
1482 1630 1487 1640 ·

246 1743 444 1823 Praecones
461 1739 542 1822 fieri
550 1776 563 1833 ς
581 1768 687 1838 cum,
705 1737 857 1821 desertis
873 1740 1096 1846 Aganippea

246 1887 435 1982 Vallibus,
454 1888 616 1968 esuriens
634 1887 814 1990 migraret
833 1887 872 1988 in
890 1887 982 1968 atria
999 1889 1099 1970 Clio.

247 2031 356 2148 Nam
373 2033 400 2112 fi
417 2033 540 2126 Pieria,
558 2029 746 2136 quadrans
763 2031 835 2112 tibi
852 2031 979 2114 nullus
995 2031 1036 2114 in
1054 2031 1206 2138 umbra,

248 2177 494 2271 Ostendetur,
512 2205 616 2258 ames
633 2201 776 2258 nomen
793 2178 1016 2282 vitiumque
1033 2177 1252 2270 Machaerae,

247 2330 302 2410 Et
318 2329 456 2409 vendas
469 2330 615 2432 potius,
632 2313 832 2420 commissa
847 2327 953 2430 quod
969 2329 1095 2410 auctio
1110 2325 1242 2406 vendit
1351 2352 1399 2405 to

246 2474 456 2568 stantibus,
474 2473 743 2583 oenophorum,
763 2475 942 2577 tripodes,
961 2474 1133 2568 armaria,
1149 2471 1271 2566 cistas,

174 2697 178 2706 ,
246 2618 455 2708 Alcithoen
472 2620 597 2712 Pacci,
613 2619 771 2710 Thebas
783 2637 825 2706 ,et
841 2621 965 2700 Terea
981 2618 1119 2700 Fausti·

135 2867 138 2874 1
247 2771 340 2856 Hoc
357 2769 481 2862 satius,
499 2795 617 2871 quam
631 2768 659 2855 fi
675 2767 790 2860 dicas,
807 2765 1029 2870 subjudice,
1046 2766 1140 2858 vidi,

248 2916 367 3024 Qud
383 2943 461 2997 non
479 2916 615 2997 vidisti.
668 2916 827 2997 Faciant
845 2917 992 3018 equites
1011 2914 1153 3009 Asiani,

248 3067 538 3174 Qanquamet
552 3065 798 3168 Cappadoces
814 3063 971 3159 saciant,
985 3059 1206 3167 equitesque
1221 3061 1394 3166 Bithyni,

247 3214 380 3294 Altera
395 3239 491 3316 quos
508 3181 612 3293 nudo
627 3211 791 3294 traducit
808 3208 936 3292 Gallia
955 3212 1044 3294 talo.
1348 3217 1393 3294 16

247 3356 381 3438 Nemo
398 3377 526 3439 tamon
545 3355 677 3445 studiis
694 3355 901 3467 indignum
918 3355 1016 3446 ferte
1031 3355 1204 3444 laborem
1224 3411 1228 3427 ,

249 3504 421 3602 Cogetur
434 3499 604 3602 posthac,
621 3502 740 3596 nestit
759 3503 997 3614 quicumque
1014 3504 1160 3591 canoris

248 3647 463 3748 Eloquium
479 3642 607 3733 vocale
624 3643 762 3737 modis,
779 3645 1006 3747 laurumque
1024 3646 1250 3736 momordit.

247 3797 340 3876 Hoc
357 3796 472 3897 agite,
491 3788 707 3894 djuvenes:
733 3790 1005 3894 circumspicit,
1023 3811 1061 3872 et
1078 3792 1247 3884 stimulat
1262 3822 1343 3896 vos,

248 3940 533 4040 Materiamque
548 3938 616 4018 sabi
631 3938 738 4026 ducis
758 3909 997 4040 induigentia
1012 3938 1160 4039 quaerit.
1345 3969 1388 4030 2t

249 4084 289 4176 Si
306 4111 383 4195 qua
400 4083 551 4176 aliunde
567 4102 678 4198 putas
698 4069 826 4178 tetum
842 4081 1088 4200 exspectanda
1105 4101 1258 4178 tuarum

1288 4231 1530 4326 tra-¹

310 4372 339 4450 ἱ
