3342 5334
386 459 865 546 ‚TABULARUM'
902 459 1372 546 EXPLICATIO.

312 667 316 688 ²
393 632 449 716 est
464 659 575 716 num.
585 633 742 734 Neroaa
756 633 817 716 sed
833 635 996 716 Portum
1012 633 1227 718 Ostiensem
1243 637 1312 738 sub
1329 639 1450 740 Clau]-

393 768 460 852 dio
475 767 717 887 ..adificatum
739 768 922 850 testantur
937 796 1088 862 omnes,
1117 797 1188 852 nac
1205 771 1308 854 aliud
1331 775 1451 854 meri·

395 923 484 986 tum
494 890 662 986 Neronis
679 903 799 986 fertur
810 930 930 1006 quam
944 903 1051 1005 quod
1067 905 1242 990 Statuam
1258 905 1365 990 suam
1380 909 1450 1008 ad-

397 1039 549 1120 diderit.

297 1303 389 1390 XII.
403 1303 449 1384 F.
470 1283 502 1382 a.
529 1295 697 1400 Elephas
716 1293 857 1378 turrim
888 1296 1050 1400 gestans.
1082 1295 1229 1378 Potteri
1252 1297 1467 1404 Arahaeol.·

394 1436 522 1516 Graec.
558 1433 711 1534 Spestat
728 1431 806 1510 Sat.
822 1454 881 1507 12.
899 1431 940 1516 ἠ.
964 1455 1046 1510 110.

316 1571 393 1654 F.
408 1597 444 1650 2.
465 1570 650 1650 Satumua
669 1585 764 1644 cum
786 1561 898 1646 falce.
928 1563 1151 1649 Montfauc.
1169 1583 1265 1646 tom.
1284 1592 1341 1645 11.
1368 1563 1448 1646 tab.

397 1728 434 1782 a.
465 1699 618 1800 Spectat
631 1693 708 1773 Sat
727 1720 783 1794 13·
801 1695 842 1779 ff
858 1721 920 1796 39.

344 1835 392 1916 F.
406 1861 441 1932 3
462 1824 685 1929 Diogenes
673 1852 714 1904 an
739 1823 843 1904 dolio
858 1825 963 1928 quod
987 1854 1066 1908 non
1091 1826 1196 1908 ardet
1220 1827 1313 1928 quia
1329 1823 1448 1908 fistile

396 1965 462 2047 est.
483 1966 601 2066 Spon.
616 1961 779 2062 Βρεᾶαῐ.
799 1961 876 2042 Sat.
896 1991 952 2058 14.
964 1963 1005 2047 i.
1020 1970 1107 2062 308.

309 2101 391 2186 F.
406 2131 444 2197 4.
462 2101 733 2194 Prometheus,
750 2129 818 2204 qua
806 2099 917 2184 face
928 2099 974 2179 ad
990 2099 1113 2180 radios
1128 2097 1214 2180 solis
1232 2095 1370 2178 furtim
1382 2121 1448 2178 ac-

284 2245 289 2258 ·
393 2229 504 2312 censa
531 2229 733 2316 hominem
758 2229 983 2312 animaverit
1009 2229 1100 2328 igne
1128 2225 1284 2308 coelesti.
1319 2225 1447 2307 Tenet

395 2391 474 2445 una
489 2391 606 2448 manu
622 2365 820 2446 flammam
837 2363 1042 2456 coelestem,
1060 2361 1190 2454 altera,
1208 2359 1351 2454 coelum
1375 2359 1440 2439 su-

185 2493 187 2502 '
395 2526 512 2602 perne
528 2495 713 2576 monstrat
728 2513 768 2575 et
784 2494 974 2596 originem
991 2491 1171 2572 nostram.
1190 2489 1364 2588 Lucerna
1381 2491 1448 2572 Se·

396 2629 531 2736 pulch.
548 2627 711 2722 Bellorii.
731 2628 881 2732 spectat
895 2627 971 2708 Sat.
989 2650 1045 2728 ις.
1061 2625 1101 2710 F.
1119 2631 1137 2702 8
1145 2649 1178 2726 ς.
