3342 5334
348 381 350 386 ¹
475 381 1148 550 Jovanrrnumnr'u
1360 431 1422 534 33

265 641 401 723 Tertia
418 666 466 720 ne
483 635 764 724 vacuo·ceffaret
779 632 919 718 culcita
933 632 1053 724 ledor·

267 787 358 868 Una
373 788 487 870 fimus
499 787 562 868 ait.
594 785 789 868 Votorum
797 782 971 871 summa:
998 779 1090 882 quid
1106 779 1205 864 ultra
1336 813 1338 818 ·
1457 829 1458 838 κ

268 939 437 1046 Qaeris?
454 937 570 1018 habet
579 935 757 1027 Trebius,
775 951 929 1036 propter
940 932 1044 1033 quod
1053 957 1228 1034 rumpere
1239 931 1417 1017 somnum

268 1083 430 1182 Debeat,
448 1106 487 1167 et
502 1087 635 1188 ligulas
652 1084 858 1174 dimittere,
876 1080 1069 1174 sollicitus,
1087 1111 1136 1162 ne
1356 1107 1405 1166 ao

267 1232 371 1312 Tota
386 1231 576 1313 salutatrix
586 1228 669 1334 jam
694 1228 805 1310 turba
821 1227 1006 1330 peregerit
1020 1225 1154 1309 orbern
1272 1203 1277 1214 Ι

268 1380 457 1460 Sideribus
474 1379 613 1472 dubiis,
632 1397 697 1460 aut
711 1377 777 1462 illo
789 1393 974 1478 tempore,
991 1397 1067 1474 quo
1083 1373 1120 1456 se
1278 1389 1282 1394 ’

268 1528 422 1630 Frigida
438 1527 705 1626 circumagunt
722 1523 821 1626 pigri
844 1523 984 1605 sarraca
995 1523 1138 1608 Bootae.

178 1745 182 1761 ,
267 1669 405 1780 Qalis
421 1697 530 1754 coena
545 1669 704 1750 tamen?
729 1670 876 1761 vinum,
894 1669 998 1770 quod
1013 1667 1162 1751 succida
1178 1665 1274 1756 nolit

269 1821 377 1904 launa
392 1819 497 1922 pati:
525 1818 572 1897 de
587 1817 746 1898 conviva
761 1814 979 1918 Corybanta
997 1819 1154 1902 videbis.

269 1969 405 2072 Jurgia
420 1965 650 2070 proluduut3
676 1961 739 2044 sed
755 1991 848 2045 mox
864 1986 902 2044 et
918 1965 1055 2066 poeula
1070 1987 1223 2072 torques

154 2077 158 2088 ¹
215 2157 220 2166 ·
273 2109 442 2203 Saucius,
459 2128 497 2191 et
515 2107 627 2190 rubra
643 2107 813 2210 deterges
830 2110 983 2190 vulnera
1001 2103 1196 2222 mappas
1258 2195 1260 2206 ,
1326 2131 1329 2138 “

170 2339 182 2360 ,
273 2257 380 2337 Inter
396 2281 462 2336 vos
478 2254 640 2358 quoties,
663 2252 963 2358 libertorumque
977 2253 1177 2342 cohortem

272 2402 406 2502 Pugna
422 2396 628 2497 Saguntina
642 2393 762 2478 fervet
775 2397 972 2480 commissa
987 2397 1140 2501 lagena:

255 2548 357 2652 ‚112ss
373 2543 548 2647 capillato
564 2539 744 2626 diffusum
760 2543 911 2626 consule
925 2563 1046 2646 potat,
1248 2529 1251 2545 ‘
1366 2566 1415 2658 30

275 2695 547 2794 calcatamque
564 2708 667 2774 tenet
684 2689 790 2772 bellis
809 2691 1003 2780 socialibus
1017 2703 1144 2792 uvam,
1308 2701 1314 2718 '
1433 2699 1435 2704 ’

276 2841 462 2924 Cardiaco
486 2864 699 2938 numquam
717 2835 902 2938 cyathum
919 2840 1092 2944 missurus
1109 2846 1244 2926 arnico.

276 2993 370 3072 Cras
388 2988 493 3067 bibet
511 2985 670 3068 Albanis
689 2986 831 3088 aliquid
847 2987 895 3070 de
913 2991 1121 3085 montibus,
1148 3016 1213 3076 aut
1232 2997 1285 3078 de

278 3135 427 3228 Setinis,
444 3129 553 3236 cujus
570 3131 745 3232 patriam,
764 3131 996 3234 titulumque
1013 3135 1190 3220 senedus·

278 3281 433 3364 Delevit
447 3279 570 3365 multa
586 3279 720 3358 vetetis
737 3275 895 3376 fuligine
909 3281 1033 3362 testae:
1097 3263 1100 3270 λ
1324 3279 1424 3397 '⁴35

280 3429 405 3534 Qale
421 3423 591 3506 coronati
606 3421 773 3506 Thrasea
785 3424 1059 3530 Helvidiusque
1075 3431 1267 3531 bibebant,

279 3579 498 3664 Brutorum,
517 3591 556 3651 et
571 3571 676 3652 Cassi
694 3572 892 3654 natalibus.
925 3577 1008 3678 lpse
1021 3607 1175 3685 capaces

280 3716 492 3798 Heliadum
508 3711 645 3808 crustas
663 3732 702 3792 et
718 3714 918 3815 inequales
934 3717 1077 3822 beryllo

280 3865 393 3944 Vilro
409 3859 513 3940 tenet
528 3860 671 3960 phialas
686 3873 705 3939 :'
723 3861 793 3942 tibi
805 3891 882 3942 non
900 3872 1160 3952 committitur
1174 3901 1310 3974 aurum
1324 3909 1334 3960 ε

41 4040 43 4044 ·
178 4116 181 4121 .
280 4008 367 4100 Vel,
384 4009 412 4089 fi
429 4009 586 4110 quando
604 4008 726 4098 datur,
743 4003 869 4090 'custos
886 4014 1018 4096 affixus
1032 4017 1189 4113 ibidem,
1328 4019 1431 4136 '40'

285 4159 368 4264 Qi
383 4164 558 4252 numeret
576 4183 763 4258 gemmas,
783 4143 1000 4266 unguesque
1015 4165 1185 4250 observet
1203 4143 1345 4260 acutos]
1419 4145 1434 4156 .

370 4299 375 4308 ι
717 4281 721 4288 ’
844 4305 916 4384 C²
1111 4347 1121 4372 ⁸
1369 4333 1434 4413 Da
