3354 5344
342 488 439 616 156
576 483 897 622 Ju'vruttrs
933 486 1144 618 Serrai
1184 485 1297 591 xit.

334 705 681 792 sacramentorum.
728 703 957 788 Convall'em
973 705 1069 788 ruris
1087 698 1188 816 aviti

335 851 637 958 Improbat-aut
652 877 838 954 campum
852 851 951 934 mibi
967 851 994 936 fi
1010 853 1157 934 vicinus
1174 845 1331 946 ademit,

335 1007 420 1090 Aut
435 1004 582 1085 sacrum
603 999 737 1082 effodit
755 1001 886 1082 medio
902 1001 950 1083 de
967 1001 1092 1083 limite
1109 989 1256 1096 saxutir,

336 1149 456 1261 Qod
471 1177 561 1232 mea
572 1177 664 1231 cum
680 1149 808 1230 vetulo
822 1133 942 1232 ¹coluit
957 1152 1044 1254 puls
1061 1177 1187 1232 annua
1200 1150 1297 1243 libo,

335 1300 502 1396 Debitor
517 1315 584 1382 aut
598 1297 766 1402 sumptos
777 1299 904 1404 pergit
920 1325 996 1380 non
1010 1301 1164 1382 reddere
1179 1326 1375 1410 nummos,
1436 1325 1490 1396 40

336 1447 450 1530 Vana
464 1445 682 1552 supervacui
700 1445 829 1528 dicens
845 1433 1099 1550 chirographa
1115 1448 1233 1550 ligni:

335 1595 621 1702 Exspectandus
637 1595 723 1690 erit,
741 1579 811 1702 qui
826 1596 911 1679 lites
927 1583 1096 1690 iucltoet,
1114 1623 1248 1690 annus,
1369 1679 1372 1688 ,

334 1745 480 1828 Totius
497 1743 649 1848 populis
669 1742 733 1824 sed
750 1761 844 1825 tunc
861 1769 1018 1848 quoque
1035 1741 1143 1824 mille
1159 1729 1314 1826 ferenda

337 1895 486 1990 Taedia,
505 1896 613 1977 mille
628 1921 768 1988 mora3
786 1893 1085 1976 totie'ssubsellia'
1102 1911 1256 1976 tantum

337 2047 566 2130 Sternuntur
573 2081 586 2139 ς
605 2042 690 2150 jam
706 2043 871 2126 facundo
886 2027 1054 2150 potiebte
1070 2046 1236 2126 lacernas
1388 2031 1395 2046 ’
1436 2019 1497 2146 45¹

338 2175 807 2292 caditio,etFuscoja1'n
823 2189 1078 2282 mitiuriente,
1095 2189 1215 2292 parati
1492 2197 1496 2204 '

339 2335 604 2440 Digredimur,
621 2335 799 2439 lentaque
815 2319 894 2418 fori
905 2315 1123 2442 pugnamus
1139 2351 1264 2418 arena:

338 2483 412 2568 Ast
428 2483 517 2580 illis,
537 2512 635 2590 quos
648 2513 754 2566 arma
771 2503 907 2590 tegunt
923 2505 961 2566 et
980 2484 1125 2596 balteus
1143 2484 1279 2576 ambit,

194 2653 199 2658 ’
339 2631 459 2736 Qud
475 2603 663 2740 placitum
680 2632 746 2726 est,
763 2628 836 2713 illis
855 2613 1049 2735 praestatur
1064 2651 1217 2736 tempus
1235 2629 1385 2732 agendi,
1438 2623 1440 2626 ⁸

338 2777 501 2860 Nec-res
517 2779 690 2861 atteritur
705 2778 823 2880 longo
839 2775 1052 2858 sufflamine
1067 2777 1159 2858 litis.
1291 2759 1293 2764 '
1436 2802 1488 2888 50

200 2999 204 3010 .
339 2921 436 3006 Solis
453 2939 631 3026 praterea
648 2922 805 3004 testandi
822 2922 1009 3003 militibus
1019 2917 1083 3024 jus

338 3063 441 3150 Vivo
456 3085 563 3170 patre
579 3067 713 3148 datur:
739 3093 830 3147 nam
847 3095 931 3168 quae
949 3065 1032 3146 sunt
1049 3083 1156 3166 parta
1170 3065 1299 3146 labore

340 3209 510 3304 Militiae,
528 3210 671 3312 placuit
687 3238 763 3292 non
781 3209 852 3292 effe
868 3211 908 3290 in
925 3237 1081 3312 corpore
1095 3211 1239 3303 census,

339 3359 473 3440 Omne
489 3377 594 3442 tenet
608 3357 716 3461 cujus
732 3359 905 3471 regimen
923 3378 1042 3463 pater.
1093 3360 1200 3462 Ergo
1217 3362 1414 3468 Coranum
1448 3455 1451 3458 ¹
1470 3391 1480 3408 ·

298 3497 312 3570 ἶ
339 3511 545 3609 tignorum
561 3508 760 3603 cumitem,
781 3509 1064 3612 castrorumque
1082 3537 1156 3590 aera
1174 3527 1398 3602 merentem,
1439 3537 1487 3611 ςς

339 3645 619 3760 Qamvisjam
632 3656 817 3774 tremulus
831 3675 957 3756 captat
969 3675 1087 3758 pater.
1111 3655 1231 3736 Hunc
1244 3655 1351 3747 labor
1363 3681 1497 3771 aequus

339 3799 533 3893 Provehit,
553 3817 592 3879 et
608 3799 742 3901 pulcro
759 3803 883 3881 reddit
900 3799 964 3882 sua
980 3800 1081 3880 dona
1096 3799 1229 3895 labori.
1415 3773 1418 3780 Ι

338 3945 455 4049 Ipfius
473 3967 574 4027 certe
590 3947 697 4026 ducis
714 3929 790 4029 lioc
809 3947 945 4028 referre
963 3948 1125 4042 videtur,
1157 3961 1159 3968 ‘

339 4095 396 4174 Ut
413 4093 479 4196 qui
497 4092 605 4174 fortis
622 4095 708 4187 erit,
726 4094 771 4175 fit
786 4093 1019 4176 feliciffim'us
1036 4099 1167 4191 idem3

339 4241 396 4329 Ut
412 4241 489 4334 laeti
506 4239 671 4353 phaleris
688 4269 836 4339 omues,
854 4264 892 4325 et
911 4243 1109 4347 torquibus
1126 4267 1274 4328 ornnes.
1347 4343 1349 4348 ,
1431 4223 1492 4363 βό

1281 4393 1488 4496 AuLI.
