3342 5334
272 499 336 628 38
546 499 877 636 Juvuuanrs'
916 507 1128 606 Sarrnn
1153 525 1206 608 V.

263 697 414 800 Mullus
428 720 500 802 erit
514 721 686 818 domino,
704 751 822 830 quem
839 727 940 810 mifit
961 729 1124 824 Corfica,
1140 729 1200 812 vel
1216 753 1336 836 quem

263 861 305 944 T
306 869 591 950 aurominitanae
608 895 733 974 rupes,
747 873 901 976 quando
911 899 1028 960 omne
1043 879 1241 980 peractum
1256 871 1326 969 est,

261 1012 317 1094 Et
326 1011 411 1120 jam
428 1015 566 1100 defecit
585 1017 757 1102 nosttum
774 1047 903 1113 mare3
929 1023 1026 1104 dum
1043 1024 1134 1124 gula
1150 1025 1264 1126 sevit,

260 1155 424 1246 Retibus
437 1164 585 1248 affiduis
603 1165 754 1272 penitue
770 1165 958 1248 scrutante
970 1167 1132 1252 macello
1361 1193 1408 1276 95

258 1303 440 1390 Proxima
451 1343 464 1405 ς
490 1333 560 1390 nec
576 1308 719 1414 patitur
734 1309 983 1414 Tyrrhenum
998 1313 1160 1396 crescere
1180 1312 1336 1418 piscem.
1393 1367 1396 1374 ·

258 1455 415 1540 Instruit
429 1483 519 1562 ergo
534 1455 666 1542 fotum
686 1458 901 1564 provincia:
928 1459 1087 1544 sumitur
1107 1461 1213 1546 illinc

256 1607 377 1720 Qud
392 1625 565 1714 captator
579 1623 682 1688 emat
697 1605 834 1700 Lenas,
852 1609 1007 1688 Aurelia
1020 1608 1169 1691 vendat.

256 1752 415 1838 Virroni
432 1777 601 1834 muraena
618 1753 743 1849 datur,
761 1779 847 1860 quae
862 1754 1033 1838 maxima
1046 1755 1152 1836 venit

254 1901 425 2006 Gurgite
441 1899 487 1982 de
504 1899 658 1983 Siculo:
685 1927 790 1994 nam,
810 1899 906 1982 dum
923 1898 960 1980 se
977 1901 1149 1984 continet
1161 1899 1312 1992 Auster,
1335 1927 1405 1984 rob

253 2053 367 2134 Dum
384 2047 498 2145 sedet,
518 2069 558 2132 et
576 2047 687 2132 liccat
709 2045 880 2132 madidas
899 2047 1104 2130 incarcere
1124 2047 1281 2153 pennas}

252 2201 521 2282 Contemnunt
536 2195 704 2282 mediam
719 2195 918 2278 temeraria
933 2193 1011 2278 lina
1026 2192 1277 2298 Charybdim.
1386 2212 1389 2221 ’

250 2350 333 2434 Vos
344 2331 517 2452 anguilla
533 2367 664 2434 manet
674 2349 799 2452 longae
815 2366 976 2452 cognata
988 2343 1166 2440 colubrae,

149 2572 152 2582 ,
249 2497 334 2580 Aut
352 2494 477 2598 glacie
489 2492 650 2600 aspersus
669 2493 827 2578 maculis
841 2491 1065 2586 Tiberinus,
1082 2487 1212 2594 etipse

245 2639 419 2724 Vernula
434 2639 602 2744 riparum
620 2639 773 2744 pinguis
788 2657 953 2724 torrente
969 2637 1111 2731 cloaca,
1215 2671 1217 2678 ¹
1329 2661 1396 2742 105

245 2794 302 2874 Et
319 2792 447 2875 solitus
465 2791 599 2874 mediae
609 2809 786 2893 cryptam
802 2809 998 2892 penetrare
1016 2785 1186 2867 snburae.

244 2944 322 3050 Ipsa
336 2969 458 3048 pauca
474 2941 603 3033 velim,
619 2935 773 3020 facilem
789 2937 816 3018 fi
832 2937 995 3042 praebeat
1019 2963 1172 3016 aurern:

244 3091 378 3174 Nemo
393 3088 505 3198 petit,
518 3089 677 3172 modicis
695 3115 780 3191 quae
792 3071 1044 3168 mittebantur
1060 3083 1193 3167 amicit

244 3245 283 3326 A
298 3245 439 3326 Seneca
455 3275 467 3332 3
495 3269 581 3348 quae
596 3235 681 3318 Piso
698 3235 835 3331 bonus,
854 3261 940 3341 quae
958 3237 1076 3317 Cotta
1088 3231 1231 3316 solebat

241 3391 392 3494 Largiri
411 3419 421 3470 :
447 3413 616 3490 namque
633 3404 671 3467 et
688 3383 821 3482 tituis,
840 3404 879 3466 et
896 3381 1059 3470 fascibus
1079 3379 1176 3469 olim
1323 3405 1393 3458 110

240 3540 371 3647 Major
387 3531 598 3619 habebatur
615 3531 782 3618 donandi
799 3531 945 3634 gloria:
970 3531 1094 3614 solum

237 3691 447 3779 Poscimus,
466 3705 510 3768 ut
530 3711 656 3770 coenes
675 3681 846 3764 civiliter.
889 3679 979 3762 Hoc
997 3679 1092 3774 face,
1105 3697 1144 3759 et
1162 3677 1253 3768 esto,
1351 3665 1353 3670 ’

197 3839 201 3853 ’
237 3837 341 3930 Esto,
359 3849 523 3918 utnunc
536 3827 661 3924 multi,
680 3828 782 3909 dives
794 3829 882 3932 tibi,
893 3851 1036 3930 pauper
1054 3825 1199 3906 amicis.

235 3983 388 4068 Anseris
405 4000 491 4062 ante
505 3976 630 4084 ipsum
649 3976 781 4076 magni
791 3973 915 4080 jecur,
934 3969 1125 4056 anseribus
1141 3995 1210 4076 par

232 4125 379 4222 Alalis,
398 4144 436 4205 et
453 4119 538 4205 flavi
556 4121 692 4224 dignus
707 4119 806 4199 ferro
823 4117 1011 4220 Meleagri
1314 4140 1384 4216 1¹5

75 4307 76 4312 ‘
145 4297 153 4315 ‘
230 4278 374 4362 Fumat
386 4301 497 4378 aper:
522 4271 605 4381 post
620 4267 726 4356 hunc
744 4265 924 4348 radentur
940 4263 1086 4364 tubera,
1103 4262 1133 4345 fi
1149 4289 1223 4346 ver
1323 4323 1327 4332 .

277 4409 280 4413 ’
1266 4406 1382 4496 Tunc
