3342 5334
427 465 769 611 Juvnnanrs
811 481 1042 578 Saarna
1079 499 1151 582 Vl.
1286 517 1355 622 43
1422 459 1424 470 ¹

216 699 507 806 Qdfierinon
524 705 626 809 posse
640 728 765 814 putes,
784 711 1005 817 fijungitur
1021 713 1100 794 ulla
1223 735 1262 824 Ἰ·
1492 771 1496 778 -

23 829 26 870 '³
155 918 159 928 ,
213 843 395 926 Ursidio?
420 847 712 939 srmoechorurn
729 855 944 943 notiffimus
965 856 1062 938 olim

212 985 337 1067 Stulta
351 991 605 1116 maritalijam
620 1002 782 1105 porrigit
797 1023 863 1082 ora
882 1001 1057 1100 capistr0,

214 1131 346 1238 Qem
364 1141 476 1221 toties
489 1146 585 1224 texit
600 1147 760 1246 perituri
774 1142 865 1226 cista
876 1146 1034 1226 Latini?

211 1269 335 1378 Qid,
354 1276 460 1379 quod
476 1300 515 1364 et
529 1284 697 1389 antiquis
719 1307 816 1365 uxor
832 1284 880 1364 de
895 1285 1068 1369 moribus
1079 1279 1138 1370 illi
1303 1313 1354 1396 45

212 1415 434 1522 Qaeritur?
459 1427 484 1508 ὃ
501 1428 643 1510 medici
661 1431 831 1512 mediam
850 1430 1070 1534 pertundite
1085 1455 1245 1518 venatu:
1344 1431 1349 1441 “

208 1568 377 1651 Delicias
393 1567 584 1654 hominis!
609 1571 827 1676 Tarpeium*
836 1573 958 1656 limen
974 1575 1087 1657 adora

207 1709 370 1808 Pronus,
388 1734 427 1798 et
444 1733 615 1800 auratam
631 1719 781 1822 Junoni
796 1715 1127 1820 casdejuvencam,
1164 1778 1167 1786 ,
1253 1783 1255 1790 -

209 1856 248 1937 Si
265 1859 337 1940 tibi
353 1863 556 1964 contigerit
571 1863 707 1963 capitis
720 1877 893 1942 matrona
910 1861 1057 1964 pudici.

206 1995 342 2083 Paucae
356 2003 449 2088 adeo
462 2007 611 2090 Cereris
626 2009 739 2091 vittas
755 2007 979 2108 contingere
995 2003 1135 2106 digna,
1260 2039 1263 2056 ¹
1299 2020 1346 2110 ςό

205 2147 384 2256 Qarum
400 2175 478 2231 non
502 2150 636 2231 timeat
655 2164 761 2253 pater
776 2147 914 2231 osculat
938 2147 1063 2230 Necte
1077 2173 1266 2266 coronant·⁴
1403 2144 1406 2149 ’

108 2354 114 2370 .
203 2290 394 2386 Postibus,
408 2313 447 2374 et
462 2293 593 2377 densos
610 2323 678 2397 per
693 2294 831 2377 limina
853 2293 965 2379 tende
977 2292 1191 2396 corymbos.

203 2433 318 2517 Unus
332 2434 491 2515 Iberinae
508 2437 567 2516 vir
583 2435 721 2518 sufficit
738 2436 752 2513 i
776 2462 893 2538 ocyus
909 2437 1006 2520 illud

203 2575 476 2680 Extorquebis,
495 2595 539 2664 ut
554 2577 636 2662 haec
648 2577 762 2658 oculo
773 2595 953 2662 contenta
967 2580 1010 2662 fit
1027 2607 1119 2664 uno.

201 2717 350 2824 Magna
363 2741 491 2808 tamen
508 2723 612 2806 fama
627 2723 681 2804 est
695 2719 891 2828 cujusdam
904 2751 991 2806 rure
1003 2744 1173 2829 paterno·
1297 2725 1343 2835 55'

200 2865 374 2951 Viventis
394 2897 404 2948 ε
430 2871 530 2952 vivat
547 2866 699 2961 Gabiis,
717 2885 762 2950 ut
776 2869 872 2949 vixit
886 2869 928 2948 in
943 2896 1047 2972 agro,

199 3009 315 3097 Vivat
328 3013 495 3112 Fidenis,
513 3030 553 3093 et
568 3011 690 3118 agello
701 3011 796 3094 cedo
817 3028 987 3113 paterno,

200 3161 300 3268 Qis
318 3178 447 3243 tamen
464 3159 640 3256 affirmat,
655 3161 711 3242 nil
726 3163 856 3245 astum
868 3162 909 3238 in
920 3161 1132 3256 montibus,
1143 3177 1210 3242 aut
1221 3162 1263 3244 in
1308 3213 1310 3220 =

199 3308 424 3414 Speluncis?
449 3308 544 3390 adeo
560 3307 763 3388 senuerunt
774 3305 938 3410 Jupiter,
958 3321 997 3386 et
1012 3299 1155 3386 Mars?
1187 3289 1191 3296 ⁴

195 3449 457 3538 Porticibusne
474 3449 547 3531 tibi
564 3447 797 3532 monstratur
812 3445 971 3530 foemina
986 3464 1075 3527 voto
1291 3453 1341 3531 60

194 3595 327 3697 Digna
342 3615 410 3680 tuo
427 3595 441 3674 l
465 3594 597 3678 cuneis
615 3619 662 3673 an
677 3591 821 3674 habent
837 3591 1046 3695 spectacula
1062 3573 1152 3674 tntis

195 3741 474 3852 Qodsecurus
491 3767 608 3834 ames,
626 3739 808 3843 quodque
830 3741 920 3822 inde
935 3764 1135 3842 excerpere
1155 3735 1265 3839 poffis
1279 3735 1305 3820 l·

193 3884 485 3970 Cheironomon
500 3885 650 3968 Ledam
666 3885 775 3966 molli
790 3883 945 3965 saltante
960 3881 1137 3983 Bathyllo

191 4035 340 4118 Tuccia
355 4035 481 4116 vesrcae
504 4061 582 4114 non
598 4035 762 4134 imperat
773 4066 786 4124 3
811 4031 968 4134 Appula
991 4031 1137 4131 gannit,

192 4187 309 4276 Sicut
325 4185 366 4272 in
384 4181 589 4289 amplexu:
614 4177 785 4262 subitum
799 4195 838 4262 et
855 4175 1064 4259 miserabile
1078 4175 1243 4278 longum
1298 4176 1324 4255 ¹6
1329 4201 1349 4280 5

228 4337 234 4345 '
1191 4333 1334 4414 Atten-
