3354 5344
300 405 395 504 182
608 399 801 500 Psnsrr
848 401 1075 500 Sarrae
1109 387 1160 496 V‘.

295 621 379 703 Hic
394 644 534 722 campo
550 615 747 719 indulget:
774 615 879 698 hunc
897 617 977 697 alea'
993 615 1194 725 decoquit:
1220 615 1284 696 ille

293 765 341 846 ln
358 765 551 844 Venerem
569 760 623 840 est
640 761 784 861 putris,
809 759 872 842 'sed
888 787 980 846 cum
996 760 1162 864 lapidosa
1177 759 1352 861 chiragra

293 915 328 996 F
330 913 467 1014 regerit
482 909 658 990 articulos
676 910 810 990 veteris
828 910 983 990 ramalia
998 909 1092 1014 fagi,
1210 927 1213 936 ’

293 1059 406 1142 Tum
422 1055 556 1136 crassos
573 1053 742 1135 transisse
758 1055 853 1147 dies,
869 1053 1073 1158 lucemque
1089 1055 1306 1158 palustrem,
1396 1057 1451 1132 60

293 1205 348 1286 Et
364 1201 528 1305 fibijam
543 1191 612 1282 seri
628 1203 747 1283 vitam
765 1203 987 1302 ingemuere
1003 1192 1187 1283 relictam.
1271 1294 1273 1306 Ι

293 1357 352 1438 At
368 1373 406 1434 te
422 1352 618 1434 nosturnis
632 1347 743 1454 juvat
759 1351 1014 1454 impallescere
1032 1351 1198 1446 charris,

293 1499 433 1582 Cultor
448 1498 555 1576 enim
566 1493 770 1598 juvenum,
790 1513 967 1602 purgatas
984 1495 1113 1576 inseris
1133 1523 1239 1576 aures

290 1645 421 1744 Fruge
437 1619 658 1724 Cleanthea.
710 1639 834 1720 Petite
848 1639 954 1734 binc,
964 1635 1210 1744 juvenesque,
1229 1637 1417 1742 senesque,

291 1795 431 1876 Finem
448 1793 579 1872 animo
596 1807 760 1881 eertum,
778 1788 995 1893 miserisque
1010 1790 1147 1871 viatica
1163 1791 1279 1870 canis.
1333 1781 1335 1788 ’
1393 1796 1417 1867 6
1423 1817 1445 1892 ς

281 1949 386 2028 'Cras
403 1941 479 2022 hoc
496 1939 574 2022 fiet.
600 1943 711 2024 Idem
727 1963 808 2016 cras
824 1937 902 2018 siet.
931 1937 1063 2044 Qid?
1080 1925 1183 2042 quasi
1202 1949 1404 2040 magnum,

291 2091 449 2194 Nempe
465 2083 747 2180 diem-donas?
773 2083 835 2164 sed
850 2113 944 2165 cum
958 2083 1027 2165 lux
1043 2083 1158 2164 altera
1176 2087 1294 2178 venit,
1336 2149 1345 2174 .

289 2240 382 2344 Jam
395 2263 478 2321 cras
496 2239 715 2326 hesternum
730 2223 1045 2343 consumpsrmus.
1096 2243 1201 2323 Ecce
1216 2242 1319 2323 aliud
1335 2271 1427 2356 cras-

289 2387 426 2488 Egerit
440 2388 511 2470 hos
528 2415 660 2482 annos,
680 2407 718 2468 et
735 2387 881 2490 semper
896 2386 1056 2489 paulum
1072 2387 1143 2466 erit
1162 2386 1273 2470 ultra.
1324 2443 1326 2454 .
1424 2371 1428 2378 ⁴

287 2532 397 2620 Nam
414 2541 588 2642 quamvis
603 2567 721 2644 prope
739 2557 791 2632 te,
813 2540 989 2640 quamvis
1008 2555 1163 2620 temone
1179 2538 1247 2618 sub
1263 2565 1354 2632 uno,
1395 2561 1448 2640 70

288 2679 516 2784 Vertentem
534 2679 607 2761 sese
623 2679 758 2760 frustra
773 2667 957 2786 sesiaer
973 2679 1175 2772 canthum,

289 2829 396 2910 Cum
413 2845 496 2910 rota
511 2826 692 2932 pbsterior
709 2817 848 2921 curras,
866 2829 961 2906 etin
978 2855 1049 2906 axe
1065 2827 1246 2909 secundo,
1292 2834 1295 2836 ’

288 2971 484 3053 Libertate
500 2998 597 3074 opus
614 2970 686 3063 est3
704 2991 782 3052 non
800 2967 874 3051 hac
887 2991 964 3072 qua
978 2955 1136 3074 quisque
1154 2973 1289 3053 Velina
1325 2961 1328 2966 “

287 3119 448 3199 Publius
466 3119 644 3212 emeruit,
661 3117 869 3198 scabiosum
887 3115 1058 3198 tesserula
1073 3117 1130 3196 far
1318 3095 1329 3218 J
1351 3093 1355 3100 ²

285 3259 464 3376 Pollrdet.
514 3261 608 3340 Heu
626 3253 765 3380 steriles
781 3259 873 3353 v'eri,
899 3261 1039 3362 quibus
1056 3288 1132 3342 una
1149 3263 1343 3371 Qritem
1392 3289 1441 3369 75

285 3407 450 3507 Vertigo
466 3403 580 3484 facit!
607 3403 673 3484 hic
692 3405 821 3484 Dama
837 3405 904 3497 est,
924 3405 1003 3486 rlon
1020 3407 1136 3486 trellis
1154 3409 1275 3508 agaso,
1326 3377 1331 3385 Ι

285 3543 435 3658 Vappa,'
460 3573 499 3634 et
516 3553 659 3656 lippus,
678 3556 773 3633 etin
793 3557 899 3636 tenui
914 3555 1100 3657 farragine
1118 3559 1296 3638 mendax.

269 3706 453 3824 verterit
467 3703 573 3784 h‘unc
591 3703 785 3798 dominus,
804 3728 1004 3788 momento
1020 3708 1182 3790 turbinis
1200 3713 1280 3790 exit

282 3853 443 3932 Marcus
460 3851 601 3930 Dama.
652 3849 786 3952 Papael
814 3852 952 3932 Marco
968 3855 1190 3956 spondente,
1210 3858 1352 3937 recusas
1424 3873 1426 3878 '

246 4053 250 4060 ·
283 3990 449 4080 Credere
467 4016 509 4078 tu
528 3969 737 4080 nummos?
763 3997 901 4080 Marco
920 3993 1128 4105 subjudice
1145 4005 1284 4106 palles?
1319 4099 1320 4103 Ἴ
1390 4013 1440 4112 80

281 4146 444 4233 Marcus
461 4150 557 4231 dixit
565 4147 750 4244 3'ita'est:
778 4150 930 4254 affigna,
952 4153 1098 4248 Marce,
1115 4150 1285 4237 tabellas.
1346 4260 1348 4265 Ι

1300 4375 1302 4380 .
1333 4307 1437 4392 Hac
