3342 5334
425 491 442 562 ,·
480 453 805 590 Juvennnrs
845 453 1053 550 Saarna
1091 425 1162 549 ΪΙΙ.
1321 482 1386 578 ξπ]
1473 541 1477 560 ,

242 665 423 764 Mantus,
448 687 487 752 et
511 671 686 752 extindtae
710 696 846 773 corpus
867 697 945 760 non
971 669 1064 750 utile
1089 668 1245 751 dextrae.·

99 837 103 843 ·
243 815 344 924 Qtis
367 843 472 918 nunc
497 813 681 920 diligitur,
712 815 780 918 nist
800 815 982 908 conscius,
1008 833 1048 896 et
1071 815 1135 894 cui
1159 813 1308 894 fervens
1330 863 1347 926 J

241 959 391 1042 AEstuat
407 959 565 1042 occultis
590 961 740 1044 animus
760 956 982 1062 semperque
1005 957 1199 1052 tacendis?
1333 980 1399 1064 50·
1432 967 1434 973 '

240 1105 314 1203 Nil
331 1108 402 1190 tibi
419 1108 456 1190 se
474 1107 609 1190 debere
627 1125 750 1211 putat,
769 1107 823 1188 nil
840 1107 1012 1188 conseret
1030 1135 1216 1214 unquam,

241 1253 472 1359 Participem
487 1255 610 1364 quite
626 1253 756 1336 secreti
771 1251 865 1334 fecit
879 1251 1039 1333 honesti.

242 1403 363 1484 Carus
380 1401 452 1482 erit
465 1401 589 1495 Verri,
615 1401 683 1502 qui
699 1401 873 1498 Verrem,
901 1419 1074 1512 tempore
1090 1426 1168 1503 quo
1184 1399 1279 1494 vult,
1426 1505 1429 1518 Ι

242 1547 430 1628 Accusare
445 1545 581 1650 potest.
612 1547 734 1628 Tanti
752 1545 823 1626 tibi
839 1573 918 1626 non
933 1545 980 1644 srt
997 1546 1107 1648 opaci
1153 1637 1156 1642 ¹
1221 1533 1225 1540 ’
1285 1643 1292 1652 p
1367 1641 1371 1652 y

233 1693 382 1790 ,Omnis
398 1721 510 1774 arena
524 1695 640 1796 Tagi,
664 1693 843 1796 quodque
859 1695 900 1774 in
918 1721 1022 1774 mare
1039 1692 1204 1775 volvitur
1225 1719 1377 1791 aurum,

240 1840 299 1921 Ut
314 1841 447 1937 somno
463 1869 611 1935 careas,
624 1842 874 1945 ponendaque
887 1844 1042 1946 praemia
1059 1811 1182 1926 sumas
1332 1847 1380 1952 56

239 1988 390 2084 Tristis,
419 2007 497 2086 eta
513 2017 655 2092 magno
669 1989 815 2093 semper
830 1992 997 2072 timearis
1016 1991 1155 2072 amico.
1287 2081 1291 2088 ⁴
1342 2023 1345 2032 ·
1369 2029 1373 2090 ς

290 2135 389 2241 Qae
407 2161 509 2232 nunc
525 2134 705 2232 divitibus
721 2163 814 2238 gens
831 2137 1084 2241 acceptiffima
1101 2137 1249 2236 nostris,

239 2281 294 2362 Et
311 2307 407 2386 quos
423 2281 611 2383 praecipue
626 2281 788 2380 fugiam,
815 2285 1024 2386 properabo
1040 2282 1161 2378 fateri,

237 2429 328 2550 Nec
340 2428 464 2534 pudor
479 2426 664 2545 obstabit:
681 2457 759 2510 non
776 2429 925 2530 possum
940 2431 1051 2527 serre,
1080 2435 1262 2542 Quirites,
1332 2442 1386 2537 dp
1472 2491 1474 2497 -

239 2579 419 2666 Graecaur¹
437 2576 585 2670 urbem,
610 2578 783 2678 quamvis
799 2595 917 2678 quota
932 2581 1058 2682 portio
1077 2581 1178 2663 saecis
1198 2582 1385 2680 Achaeaeb

215 2833 218 2840 1
239 2724 479 2830 Jampridenr
498 2727 609 2829 Syrus
625 2727 668 2806 in
682 2726 860 2812 Tiberim
876 2724 1035 2808 defluxit
1059 2730 1238 2824 Orontes,
1320 2803 1322 2810 .
1371 2783 1376 2815 ,-

130 2863 133 2874 ’
238 2880 293 2962 Et
308 2859 560 2982 linguamet
573 2903 711 2970 morea,
736 2894 775 2957 et
789 2903 882 2961 curn
897 2876 1054 2960 tibicine
1068 2879 1228 2963 chordae
1286 2941 1288 2946 -

240 3023 442 3128 Obliquas,
467 3051 617 3108 necnon
633 3023 985 3130 gentiliatyrnpana
999 3026 1127 3140 secum
1149 3101 1154 3110 .

154 3243 157 3252 .
238 3173 370 3276 Vertit,
395 3191 435 3255 et
450 3172 498 3253 ad
514 3173 673 3256 Circum
684 3165 798 3273 jussas
814 3168 979 3270 prostare
994 3169 1151 3273 puellas.
1217 3247 1226 3254 ,
1317 3176 1373 3273 ἵ,69

238 3322 311 3419 Ite,
334 3323 474 3428 quibus
489 3339 595 3424 grata
610 3321 663 3402 est
677 3321 780 3424 picta
793 3319 884 3424 lupa
901 3319 1057 3402 barbara
1072 3322 1198 3402 mitra.
1247 3361 1250 3365 ·
1364 3383 1376 3408 a

241 3477 419 3560 Rusticus
434 3473 498 3556 ille
514 3489 600 3554 tuus
617 3471 733 3552 sumit
749 3469 1007 3573 trechedipna,
1028 3471 1205 3577 Qirine,
1244 3493 1247 3503 ’
1301 3516 1304 3522 -
1346 3496 1348 3504 ’

239 3623 293 3706 Et
305 3594 539 3705 ceromatico
555 3617 631 3699 fert
646 3619 824 3701 niceteria
841 3617 954 3699 collo.
1152 3693 1156 3700 ,
1307 3699 1309 3702 ,
1369 3670 1372 3679 ·

289 3769 370 3850 Hic
386 3765 462 3848 alta
481 3767 652 3866 Sicyone,
679 3761 731 3842 ast
744 3738 809 3843 hic
824 3763 1037 3866 Amydone,
1048 3764 1189 3860 relidit,
1351 3791 1364 3850 J

238 3913 320 4014 Hic
334 3911 480 4004 Andro,
492 3909 556 3990 ille
566 3911 692 4006 Samo,
705 3907 770 3988 hic
782 3907 990 4004 Trallibus,
1009 3929 1076 3992 aut
1086 3912 1305 4018 Alabandis,
1318 3933 1376 4015 ,70'

239 4054 438 4162 Esquiliae,
463 4056 685 4158 dictumque
701 4072 836 4156 petunt
852 4082 875 4134 a
889 4056 1032 4136 vimine
1047 4057 1199 4150 collem,

238 4198 391 4285 Viscera
412 4227 640 4303 magnarum
656 4201 858 4292 domuum,
880 4204 1103 4305 dominique
1119 4203 1251 4286 sutori.
1290 4281 1294 4288 .
1344 4268 1347 4282 .
1368 4219 1370 4225 ·

285 4351 288 4356 ’
673 4421 681 4438 ,
789 4347 821 4428 Β
1166 4337 1168 4342 ’
1331 4350 1398 4430 In·
