3354 5344
310 544 313 554 Ι
521 423 711 523 Psnsrt
761 421 974 520 Snrrrn
1021 429 1093 519 VI.
1285 428 1381 562 187

229 661 429 744 Portantes
446 649 832 764 violasrubrumque
848 650 1026 750 amplexa
1044 654 1218 737 catinum

230 806 365 888 Cauda
384 819 489 884 natet
506 797 658 902 thynni,
678 813 809 878 tumet
822 795 907 880 albe
922 795 1050 878 fidelia
1066 799 1175 879 vino:
1263 801 1265 806 ’

231 954 506 1050 Labremoves
523 951 674 1038 tacitus
692 945 929 1045 recutitaque
945 943 1095 1026 sabbata
1111 948 1241 1048 palles.

230 1101 348 1180 Tunc
362 1098 464 1200 nigri
479 1097 679 1189 Lemures,
695 1121 846 1195 ovoque
862 1091 1030 1194 pericula
1045 1113 1182 1195 rupto:
1312 1110 1383 1206 185

230 1245 338 1328 Hinc
354 1245 516 1347 grandes·
529 1243 649 1336 Galli,
667 1261 706 1322 et
722 1266 814 1322 curn
830 1239 934 1318 fistro
949 1238 1050 1320 lusca
1065 1240 1258 1340 sacerdos,
1390 1313 1396 1326 s

229 1361 420 1476 Incuffere
435 1393 540 1472 Deos
556 1387 730 1472 inflantes
746 1409 917 1485 corpora,
933 1381 961 1461 sr
976 1409 1055 1463 non

229 1543 465 1624 Praedietum
482 1559 539 1620 ter
556 1565 670 1618 mane
686 1552 802 1638 caput
816 1534 1018 1636 gustaveris
1033 1535 1110 1616 ult.

230 1681 385 1765 Dixeris
403 1683 485 1764 haec
501 1684 602 1762 inter
618 1671 801 1762 varicosos
820 1680 1078 1775 centuriones,

231 1834 431 1916 Continuo
449 1831 611 1912 cratium
630 1831 728 1910 ridet
744 1829 950 1911 Vulfenius
968 1831 1101 1933 ingens
1109 1869 1124 1927 ς
1219 1827 1225 1840 ’

148 2049 149 2054 ,
231 1954 285 2068 Et
298 2005 459 2068 centum
474 1986 631 2067 Graecos
648 2003 760 2065 curto
779 1983 944 2067 centuffe
962 1985 1112 2068 licetur.

596 2275 1060 2410 strennue

246 2626 248 2636 .
325 2542 490 2641 Dinovit
501 2555 586 2661 jem
602 2554 740 2636 brunia
755 2553 843 2638 foco
859 2576 911 2652 te,
929 2555 1045 2653 Basse,
1063 2557 1228 2642 Sabino?

209 2792 214 2801 ,
349 2707 487 2808 Jamne
503 2703 599 2806 lyra,
610 2721 648 2784 et
661 2703 797 2782 tetrico
809 2705 945 2784 vivunt
960 2702 1033 2784 tibi
1047 2699 1387 2806 pettineehordoet

234 2843 340 2936 Mire
356 2849 486 2956 opifex
504 2853 674 2932 numeris
691 2867 866 2932 veterum
883 2851 1072 2954 primodie
1088 2881 1229 2948 rerum,

234 3001 367 3102 Atque
384 3025 532 3078 marem
548 2997 750 3100 strepitum
765 2997 851 3078 fidis
867 2998 1064 3080 intendiffe
1079 3001 1248 3096 Latinae;
1285 3057 1288 3062 ·
1391 3021 1393 3030 ’

235 3140 503 3245 Moxjuvencs
521 3145 663 3244 agitare
674 3140 799 3246 jocos,
818 3161 858 3224 et
875 3143 1015 3246 pollice
1029 3141 1189 3230 honesto
1360 3166 1395 3244 51·
1456 3221 1458 3229 ,

234 3283 419 3386 Egregios
435 3284 553 3365 lufiffe
569 3288 685 3366 senes.
710 3285 818 3366 Mihi
835 3311 941 3368 nuuc
957 3287 1079 3388 Ligus
1099 3314 1165 3368 ore

105 3439 108 3446 '
236 3433 403 3534 intepet,
421 3430 684 3534 hybernatque
700 3459 834 3512 meum
850 3461 969 3526 mare,
987 3440 1070 3536 qua'
1079 3434 1176 3514 latus
1193 3435 1333 3536 ingene
1353 3495 1357 3503 .
1393 3497 1395 3504 .

236 3574 343 3654 Dant
359 3575 516 3676 scopuli,
533 3593 572 3654 et
589 3576 714 3656 multa
729 3577 837 3658 littus
854 3577 890 3657 se
908 3577 1003 3658 valle
1019 3596 1201 3682 receptat.

236 3720 368 3798 Lunai
383 3738 540 3822 portum
558 3719 611 3800 est
627 3746 749 3822 operae
766 3719 1006 3822 cognoscere,
1024 3721 1138 3802 cives.

238 3862 440 3967 Corjubet
456 3862 532 3943 hoc
550 3865 669 3958 Enni,
690 3866 890 3968 postquam
906 3865 1103 3946 destertuit
1118 3864 1192 3946 elle
1350 3929 1352 3934 .
1368 3891 1413 3946 ro

225 4010 459 4094 'Moeonides
478 4017 648 4120 Qintus
666 4041 814 4118 pavone
832 4042 880 4095 ex
897 4014 1150 4118 Pythagoreo.
1184 4121 1186 4125 Ι
1238 4117 1240 4121 ¹
1325 4073 1331 4081 ·
1354 4076 1358 4082 ·

238 4155 318 4238 Hic
336 4183 409 4258 ego
427 4156 577 4240 securus
594 4157 712 4259 vulgi,
730 4175 769 4240 et
784 4157 878 4260 quid
894 4176 1079 4272 preparet
1094 4159 1218 4242 auster
1248 4223 1253 4230 -
1283 4223 1286 4227 -
1306 4219 1309 4226 ⁴
1372 4219 1378 4232 ·

1224 4380 1229 4388 ’
1315 4351 1389 4434 iri-2
