3342 5334
488 493 812 632 Juvenrnnrs
849 498 1057 592 Sirrnn
1084 512 1117 594 Ι.
1341 523 1368 620 5

134 787 137 794 .
227 723 327 830 Qis
346 719 507 839 totidem
524 721 644 800 erexit
654 721 787 802 villas?
813 721 897 822 quis
909 719 1058 824 'fercula
1073 705 1220 822 septeni
1348 763 1351 772 ι

227 841 380 948 Secreto
396 866 561 968 coenavit
580 891 669 945 avus
685 865 699 941 ,Ρ
720 891 822 944 nunc
839 863 1006 976 sportula
1021 863 1152 964 primo
1325 888 1371 964 95

227 1014 385 1102 Limine
401 1037 515 1114 parva
531 1014 644 1125 ledet,
663 1013 783 1094 turbae
800 1014 978 1115 rapienda
994 999 1162 1115 togatae.¹

111 1147 118 1160 ⁸
226 1163 297 1247 Ille
315 1182 443 1244 tamen
458 1162 598 1243 faciem
619 1148 723 1266 prius
740 1163 904 1264 inspicit,
923 1181 962 1241 et
978 1160 1153 1261 trepidat,
1172 1127 1221 1242 ne

225 1313 451 1416 ,Suppofitus
468 1315 606 1406 venias,
624 1341 668 1392 ac
682 1311 774 1392 falso
791 1293 946 1420 nomine
962 1312 1102 1416 poscat.

227 1464 396 1562 Agnitus
407 1465 589 1564 accipies:
608 1462 723 1566 jubet
737 1492 758 1543 a
772 1449 946 1568 praecone
964 1464 1090 1542 vocari

144 1631 146 1638 ’
228 1613 334 1716 Ipsos
352 1613 618 1717 Troiugenas:¹
645 1641 737 1694 nam
749 1579 892 1692 vexans
902 1609 1023 1724 lim'en
1041 1591 1161 1714 etipsr
1306 1641 1376 1692 roo
1437 1709 1439 1713 ,

227 1753 568 1877 Nobiscumrp'ff‘Da
585 1766 752 1865 praetori,
774 1762 822 1841 da
839 1762 979 1842 deinde
992 1761 1189 1874 tribuno-J·
1209 1862 1210 1866 Ἴ

228 1911 514 2023 Sedlibertinus
532 1915 636 2016 prior
652 1913 724 1994 est:
751 1915 867 2018 prior,
886 1912 1027 2014 inquit,
1042 1940 1115 2013 ego
1127 1883 1270 1994 adsum·
1307 1881 1340 1976 ..¹
1447 2024 1452 2032 x

228 2061 311 2140 Cur
326 2063 512 2143 timeam?
538 2062 759 2148 dubitemve
773 2065 905 2144 locum
922 2061 1124 2144 defendere
1135 2101 1147 2158 ;
1167 2067 1341 2166 quamvis
1387 2085 1392 2096 “
1438 2071 1440 2078 '

226 2205 354 2290 Natus
373 2212 420 2291 ad
436 2212 690 2314 Euphratem,
710 2195 845 2294 molles
862 2207 968 2316 quod
984 2182 1126 2294 inaure
1142 2211 1312 2297 fenestrae

227 2359 453 2456 Argueriirt,
470 2359 562 2438 licet
583 2360 659 2461 ipse
676 2359 841 2460 negem?
859 2358 922 2438 sed
938 2329 1109 2462 quintine
1125 2333 1290 2444 taberna
1306 2390 1373 2470 105

228 2503 520 2606 Qadringenta
535 2524 682 2606 parant.
720 2507 827 2623 Qid
843 2499 1178 2614 confert'purpura
1197 2511 1321 2616 major

227 2646 472 2748 Optandum,
490 2650 517 2728 fi
534 2651 717 2728 Laurenti
733 2649 897 2730 custodit
913 2643 1059 2752 in‘agr'o

227 2794 449 2900 Conductas
467 2797 655 2876 Corvinus
672 2795 783 2876 oves?
809 2824 882 2898 ego
899 2791 1065 2900 poffideo
1084 2803 1169 2904 plus

226 2938 409 3062 Pallante,
428 2959 466 3021 et
485 2923 645 3062 Licinis.
691 2940 922 3053 Exspedlent
933 2973 1025 3080 ergo
1037 2949 1229 3044 Tribuni,

227 3087 406 3184 Vincant
414 3091 572 3184 divitiae,
599 3090 701 3180 sacro
722 3119 791 3173 nec
810 3094 919 3175 cedat
935 3094 1073 3176 honori
1309 3129 1378 3182 110

226 3237 411 3342 Nuper
384 3268 424 3318 ιιι
443 3237 542 3320 hanc
560 3241 696 3319 urbem
713 3236 884 3344 pedibus
892 3247 959 3347 qui
974 3266 1127 3333 venerat
1142 3249 1250 3336 albis.
1346 3337 1349 3344 ,

161 3445 166 3462 ,
229 3392 557 3495 Qandoquidem
569 3395 669 3473 inter
690 3422 759 3473 nos
772 3395 994 3476 sancliiilma
1011 3399 1231 3486 divitiarum
1357 3455 1364 3466 ·

229 3541 432 3646 Majestas:
459 3544 537 3637 etfi,
557 3542 704 3631 funesta,
721 3546 903 3639 Pecunia,
919 3551 1066 3652 templo

227 3695 419 3774 Nondum
431 3694 592 3787 habitas,
619 3694 740 3775 nullas
758 3723 1013 3781 nummorum
1030 3703 1218 3786 ereximus
1235 3734 1329 3809 arat,

127 3851 132 3858 '
229 3841 288 3919 Ut
300 3841 439 3920 colitur
457 3837 550 3968 Pax,
563 3858 677 3942 atque
690 3838 721 3920 F
723 3841 817 3935 id'es,
836 3841 1184 3948 victorianum,
1306 3887 1345 3943 11
1355 3886 1375 3968 ς

229 3989 405 4091 Qaeque
419 3987 577 4067 salutato
595 3989 756 4089 crepitat
773 3989 987 4070 Concordia
1000 3994 1106 4100 nido.

279 4137 352 4216 Sed
364 4119 457 4256 cu'm
472 4136 644 4220 summus
663 4139 788 4221 honor
802 4141 914 4222 finito
931 4167 1132 4248 computet
1150 4179 1263 4251 anno,

231 4283 408 4402 Sportula
423 4287 517 4396 quid
535 4287 685 4385 referat,
708 4310 899 4393 quantum
915 4296 1123 4384 rationibus
1141 4303 1280 4400 addat,
1300 4326 1310 4336 ’
1393 4261 1397 4269 ’

215 4437 220 4444 '
266 4423 270 4432 '
744 4439 824 4550 A3
1123 4481 1125 4484 ’
1312 4458 1378 4551 uid
