3342 5334
229 397 307 524 362
504 397 835 532 Juvruanrs
869 399 1086 500 Saarna
1109 397 1176 516 v,

221 611 287 694 Da
302 614 481 698 veniam:
508 617 684 718 praeclara
697 615 776 702 illic
790 619 963 734 laudabis
972 621 1107 730 iaspisr

221 757 331 840 Nam
347 761 474 856 Virro,
488 759 531 844 ui
541 763 669 860 multi,
681 793 855 866 gemmas
870 767 919 850 ad
934 771 1071 872 pocula
1082 767 1275 854 nansfert'

220 908 261 986 A
278 873 421 1008 digiris',
442 934 535 1010 quas
552 909 592 990 in
609 910 754 1010 vagina
764 907 890 994 fronte
904 911 1047 997 solebat

222 1051 369 1136 Ponere
386 1050 720 1160 zelotypojuvenis
738 1051 913 1160 praelatua
929 1059 1100 1142 Hiarba.
1317 1079 1367 1164 45

220 1199 289 1280 Tu
300 1199 555 1284 Beneventani
568 1199 702 1284 sutoris
719 1229 863 1284 nomen
878 1199 1087 1288 habentem
1389 1217 1393 1224 ’

222 1342 388 1424 Siccabis
403 1341 562 1426 calicem
578 1343 756 1428 uasorum
771 1366 948 1450 quatuor,
966 1349 1103 1458 acjam
1249 1356 1252 1362 ’
1363 1397 1366 1411 =

223 1487 461 1596 Qassatum,
472 1507 511 1570 et
526 1510 641 1594 rupto
658 1491 876 1594 poscentem
888 1493 1029 1578 sulfura
1043 1499 1157 1598 vitro.

155 1605 157 1610 ¹
220 1635 261 1718 Si
276 1633 493 1720 stomachus
511 1637 659 1720 domini
675 1637 795 1726 fervet
807 1643 986 1748 vinoque,
1003 1647 1182 1752 ciboque,

113 1747 136 1819 '¹
220 1779 413 1881 Frigidior
431 1781 579 1864 Geticis
597 1783 740 1886 petitur
755 1785 913 1868 decosta
927 1792 1089 1893 pruinis.
1327 1821 1377 1900 50

219 1929 316 2012 Non
332 1931 472 2014 eadem·
488 1930 597 2016 vobis
611 1935 705 2038 poni
720 1919 843 2018 modo
855 1936 941 2020 vina
957 1917 1164 2044 querebar,

220 2081 303 2164 Vos
321 2069 436 2162 aliarn
450 2067 772 2187 potatis'aquam:
798 2085 869 2168 tibi
884 2093 1022 2192 pocula
1037 2063 1164 2178 cursor

221 2231 398 2314 Gaetulus
415 2230 533 2325 dabit,
550 2253 615 2314 aut
629 2234 731 2338 nigri
747 2261 881 2320 manus
896 2240 992 2322 ofl'ea
1006 2243 1153 2342 Mauri,

221 2379 276 2459 Et
291 2378 354 2460 cui
370 2405 439 2482 per
454 2375 735 2462 mediamnolis
748 2409 946 2468 occurrere
962 2393 1129 2488 nossem,

223 2521 383 2625 Clivosae
400 2523 545 2644 veheris
562 2511 658 2606 dum
676 2555 744 2631 per
761 2554 1013 2618 monumenta
1028 2538 1189 2622 Latinae.
1318 2571 1338 2646 5
1343 2571 1363 2650 ς
1385 2595 1388 2604 ·

222 2671 314 2754 Flos
330 2671 427 2754 Afiae
444 2691 531 2756 ante
549 2675 687 2778 ipsum,
705 2680 826 2780 pretio
842 2679 984 2786 majore
994 2703 1146 2790 paratus

226 2821 358 2928 Qam
374 2819 449 2904 fuit
464 2843 504 2904 et
514 2822 624 2904 Tulli
640 2825 769 2906 census
780 2831 979 2932 pugnacis,
1005 2852 1045 2918 et
1056 2837 1180 2920 Anci:

225 2967 293 3059 Er,
311 2995 361 3047 ne
377 2987 414 3050 re
430 2983 593 3062 teneam,
611 2935 880 3077 Romanorum
894 2979 1026 3059 omnia
1042 3007 1178 3084 regum

226 3109 389 3190 Frivola.
423 3109 543 3214 Qod
561 3138 654 3190 cum
666 3091 721 3192 ita¹
736 3113 793 3204 fit,
813 3133 857 3196 tu
869 3119 1068 3204 Gaetulum
1080 3125 1348 3230 Ganymedem

226 3253 400 3356 Respice,
419 3281 512 3334 curn
527 3241 650 3334 fities:
676 3257 863 3340 nescitrot
881 3265 1048 3348 millibus
1064 3289 1218 3372 emptus
1314 3282 1387 3358 60*

225 3401 462 3501 Pauperibus
479 3400 635 3486 miscere
652 3431 772 3504 puer:
799 3405 862 3488 sed
879 3409 1015 3506 forma,
1034 3414 1096 3495 sed
1112 3435 1200 3500 aetas

227 3543 357 3644 Digna
373 3544 582 3646 supercilio.
627 3547 794 3652 Qando
809 3553 856 3632 ad
873 3573 911 3634 te
928 3562 1099 3659 pervenit
1115 3562 1206 3644 ille?

227 3687 395 3795 Qando
412 3706 565 3800 ¹vocatus
583 3692 683 3772 adest
698 3697 842 3790 calidae,
858 3701 1066 3808 gelidaque
1082 3706 1278 3792 minister?

227 3837 385 3940 Qippe
400 3833 621 3936 indignatur
636 3841 753 3920 veteri
769 3869 898 3944 parere
915 3847 1060 3942 clienti,
1312 3865 1364 3956 64

226 3979 420 4084 Quodque
436 3978 580 4081 aliquid
596 3983 739 4082 poscas,
756 4006 794 4067 et
810 3991 927 4090 quod,
940 3991 976 4073 se
989 3993 1120 4088 stante,
1138 4000 1350 4083 recumbas.

225 4119 403 4204 Maxima
418 4113 581 4227 quaeque
598 4125 736 4213 domus
753 4131 862 4215 servis
880 4135 934 4217 est
948 4137 1059 4240 plena
1073 4141 1255 4247 superbis.
1431 4247 1439 4258 ,

1259 4273 1363 4360 Ecce
