3342 5334
287 437 351 510 20
533 405 855 550 Juvnusur's
890 425 1100 528 Saeuus
1132 425 1206 530 ut.

282 633 484 738 Exiguum
501 637 702 724 denatura
720 645 926 750 patriaeque
939 676 1097 748 veneno,

281 779 438 868 Limine
453 787 711 874 summoveor:
738 792 932 894 perierunt
948 813 1121 902 tempora
1131 797 1238 902 longi

282 927 433 1017 servitii
445 966 462 1017 .:
489 939 675 1044 nusquam
692 944 819 1024 minor
838 941 1050 1048 estjattura
1065 946 1228 1028 clientis.
1362 967 1432 1049 125

283 1078 404 1186 Q>d
421 1111 534 1188 porro
552 1086 736 1182 officium,
759 1117 809 1170 ne
824 1089 933 1172 nobis
946 1088 1129 1186 blandiar,
1156 1112 1222 1175 aut
1238 1091 1342 1196 quod

283 1223 464 1334 Pauperis
479 1229 545 1312 hic
559 1234 764 1330 meritums
789 1235 939 1320 ficuret
954 1241 1067 1320 noete
1081 1259 1232 1344 togatus

284 1375 460 1471 Currere,
477 1405 571 1460 cum
588 1397 725 1481 praetor
746 1379 923 1462 lictorem
938 1382 1123 1486 impellat,
1143 1400 1185 1464 et
1201 1383 1257 1466 ise

283 1525 525 1630 Praecipitem
536 1525 673 1633 jubeat
693 1529 843 1610 dudum
858 1528 1103 1630 vigilantibus
1115 1530 1233 1624 orbis,

282 1671 350 1780 Ne
361 1675 469 1776 prior
479 1673 680 1769 Albinam,
699 1691 767 1754 aut
783 1673 963 1756 Modiam
978 1675 1123 1776 collega
1137 1673 1300 1757 salutet?
1354 1701 1426 1778 ¹30
1514 1707 1516 1712 ’

283 1816 426 1899 Divitis
443 1817 508 1900 hic
518 1817 611 1898 servi
624 1816 768 1901 claudit
781 1817 879 1898 latus
892 1817 1151 1920 ingenuorum

281 1967 402 2048 Filius
414 2001 427 2060 ς
453 1965 547 2048 alter
558 1966 679 2061 enim,
697 1985 887 2070 quantum
901 1970 944 2050 in
959 1967 1108 2072 legione
1123 1970 1268 2053 tribuni
1403 2030 1405 2037 ·
1434 2025 1436 2031 -

284 2115 507 2220 Accipiunt,
521 2115 637 2196 donat
655 2115 837 2211 Calvino,
853 2117 915 2199 vel
933 2119 1115 2213 Catienae,
1219 2176 1224 2183 ·
1375 2179 1379 2188 .

285 2261 344 2343 Ut
360 2262 474 2343 semel
488 2280 601 2365 atque
616 2262 759 2348 iterum
775 2261 885 2366 super
900 2263 1007 2346 illam
1023 2263 1205 2368 palpitet:
1230 2279 1271 2346 at
1286 2279 1330 2346 tu

285 2413 392 2492 Cum
409 2411 481 2492 tibi
499 2411 620 2493 vestiti
636 2411 750 2494 facies
768 2411 879 2496 scorti
895 2413 1032 2516 placet,
1060 2411 1192 2508 heres,
1351 2435 1424 2516 ης

285 2555 340 2637 Et
357 2557 506 2638 dubitas
524 2557 597 2640 alta
613 2557 806 2640 Chionem
825 2558 1009 2640 deducere
1020 2556 1120 2639 sella.

285 2705 351 2787 Da
371 2706 504 2786 testem
520 2708 656 2788 Romae
673 2724 754 2788 tam
769 2708 955 2798 santium,
976 2731 1095 2808 quam
1110 2703 1185 2786 fuit
1201 2702 1338 2807 hospes

282 2851 328 2932 N
330 2859 470 2940 uminis
481 2859 597 2940 Idaei:
623 2857 803 2962 procedat
818 2852 877 2936 vel
889 2851 1036 2946 Numa,
1055 2852 1114 2934 vel
1131 2855 1199 2956 qui

284 3009 450 3091 Servavit
467 3010 655 3112 trepidam
670 3001 844 3106 flagranti
861 3027 910 3080 ex
926 3001 1004 3081 aede
1020 3001 1251 3096 Minervam.

182 3136 185 3144 ¹
285 3157 463 3253 Protinus
479 3151 721 3247 adeersum,
746 3151 794 3230 de
812 3149 982 3228 moribus
1001 3148 1136 3228 ultima
1151 3147 1219 3230 fiet
1360 3173 1431 3244 ¹40

288 3309 480 3417 Qaestio:
506 3329 602 3404 quos
620 3301 734 3404 pascit
750 3297 900 3378 servos?
925 3317 1019 3399 quot
1035 3295 1193 3399 poffidet
1207 3294 1289 3396 agri
1437 3349 1439 3358 ι

284 3451 458 3555 Jugera?
483 3476 600 3551 quam
617 3445 741 3548 multa
755 3471 970 3546 magnaque
987 3441 1179 3547 paropfide
1194 3439 1350 3552 coenat?

285 3601 488 3704 Qantum
504 3592 660 3696 quisque
676 3590 740 3672 sua
751 3616 1003 3672 nummorum
1019 3587 1136 3670 servat
1152 3587 1193 3666 in
1210 3613 1333 3684 arca,¹
1383 3677 1385 3682 ¹
1427 3661 1429 3666 ,

281 3751 458 3828 Tantum
473 3741 589 3832 habet
604 3760 643 3822 et
659 3737 772 3820 fidei:
793 3735 899 3840 jures
913 3737 1005 3818 licet
1019 3755 1058 3819 et
1074 3736 1379 3831 Samothracum,
1399 3797 1401 3806 ,
1426 3807 1429 3814 .

284 3897 340 3978 Et
361 3891 576 3976 nostrorum
593 3913 697 3982 araas
715 3906 962 3968 contemnere
980 3885 1144 3968 fulmina
1160 3913 1304 3990 pauper
1352 3911 1420 3988 145

282 4043 474 4154 Creditur,
490 3999 605 4146 atque
619 4039 736 4133 Deos,
754 4009 828 4118 Dss
845 4037 1123 4139 ignoscentibus
1139 4038 1238 4141 ipsis.

285 4190 405 4296 Qid,
424 4165 528 4294 quod
543 4183 744 4272 materiam
760 4183 903 4287 praebet
925 4182 1316 4288 causasquejocorun
1417 4241 1421 4248 «

1319 4327 1423 4410 Om-
