3354 5344
1212 437 1351 540 22159

234 720 1348 856 Α.ΡΕκεΙυε,ηΑεαυε.

360 991 478 1076 UIC
507 991 630 1076 etiam
656 983 830 1104 tempori
860 991 970 1072 velut
998 987 1198 1072 ostensum
1226 990 1352 1102 modo

383 1115 595 1226 ingenium
627 1115 745 1196 Perfii
778 1117 924 1209 Poeta,
964 1109 1123 1194 addidit
1144 1133 1231 1194 nun
1266 1111 1351 1193 exi-

133 1315 137 1330 ,
231 1269 357 1352 guam
375 1233 571 1350 glorianiz
602 1231 674 1350 qui
697 1236 839 1318 itidem
859 1253 971 1318 extra
996 1226 1138 1318 urbem
1165 1239 1352 1317 maturet

230 1369 424 1450 educatus
442 1363 509 1446 vix
535 1359 775 1444 duodecimo
798 1363 965 1444 demum
991 1379 1101 1442 anno
1127 1357 1223 1441 illuc
1251 1380 1351 1440 con·

230 1489 364 1586 ceflit;
400 1507 440 1570 et
469 1485 513 1568 in
533 1485 741 1596 preclaras
766 1482 930 1595 quidem
952 1476 1048 1566 alias
1070 1471 1266 1566 amicitias
1285 1480 1352 1564 in·-
1482 1573 1484 1584 ,

229 1612 409 1710 sinuant,
432 1609 507 1702 *sed
538 1595 738 1722 praecipue
767 1601 922 1695 delatus
955 1605 998 1690 in
1037 1605 1352 1690 familiaritatem

227 1735 426 1822 intimam·
457 1735 645 1832 Cornuti,
674 1732 770 1816 huie
797 1729 1138 1816 virudodiifflmo
1166 1749 1207 1814 et
1226 1726 1353 1814 'Gru-

231 1861 289 1946 cie
316 1860 465 1944 deliciis
491 1857 755 1976 refertiliimu,
784 1878 833 1940 ut
856 1849 1056 1968 hodieque
1086 1874 1134 1940 ex·
1158 1853 1262 1939 libro
1285 1853 1352 1940 su·
1438 1873 1462 1926 1

229 1981 392 2096 perstite
419 1979 587 2092 judicari
615 1982 756 2094 potest,
791 1979 1079 2092 agglutinatus
1104 1975 1196 2062 fuit.
1254 1979 1353 2062 Inde

230 2135 361 2219 quum
380 2103 616 2216 contigilset‚
635 2116 685 2189 ut
703 2106 747 2187 in
766 2108 896 2188 Perfio
914 2105 1179 2214 jungerentur·
1195 2099 1354 2216 poetice

93 2337 101 2360 κ
231 2256 274 2318 et
302 2231 569 2348 philosophia,
599 2232 712 2316 dictu
741 2232 923 2316 mirabile
953 2234 1021 2331 est,
1049 2249 1205 2344 quanto
1232 2255 1366 2344 opere.

232 2375 450 2469 utramque
481 2357 573 2440 tum
605 2355 768 2468 palstm'
791 2374 883 2438 tum
915 2351 1090 2438 maxime
1124 2355 1167 2438 in
1199 2354 1351 2468 paucis,

230 2503 334 2596 quas
354 2479 517 2592 reliquit
540 2479 691 2592 satyris,
717 2480 790 2564 otii
814 2481 874 2566 sui
902 2481 1003 2562 bene
1026 2479 1142 2592 positi
1170 2479 1352 2594 pignori-

233 2610 309 2694 bus
337 2605 509 2688 exserere
534 2605 727 2718 potuerit,
754 2625 845 2690 tum
875 2629 961 2688 rem
990 2605 1215 2716 quamlibet
1237 2605 1352 2720 ,opti-

228 2737 300 2814 nie
336 2729 585 2840 complexus,
617 2729 746 2812 verbis
780 2723 1015 2813 notabiliter
1048 2728 1271 2827 adstridiun
1305 2745 1354 2812 ut

186 2933 190 2945 ,
230 2856 371 2972 paucis
391 2873 551 2938 notaret
568 2851 758 2968 plurima,
779 2875 819 2937 et
837 2855 881 2938 in
900 2848 1091 2966 eligendis
1115 2855 1199 2940 sani
1218 2855 1353 2939 omni-

233 3013 291 3067 no
304 2980 460 3090 ·judicii,
481 2983 591 3064 unde
612 2978 697 3062 non
716 2979 908 3092 poenituit
926 2975 1057 3091 ipsum
1075 2977 1251 3065 lsaadum
1273 2985 1353 3064 Cu·
1416 3031 1418 3042 ·

231 3105 458 3190 saubonum
482 3107 576 3186 ‘tarn
598 3137 602 3142 ·’
613 3097 770 3216 copiose
802 3102 1009 3214 exspatiari
1035 3103 1085 3186 ad
1113 3093 1252 3188 emnia
1283 3105 1354 3190 illa

233 3225 316 3310 tria
342 3225 592 3324 declaranda}
608 3232 610 3235 ’
626 3227 718 3309 sane
751 3225 918 3338 cognitu
950 3251 1037 3310 non
1069 3227 1192 3338 digna
1225 3224 1353 3340 tnagis
1499 3245 1502 3252 ‘

233 3363 359 3464 quam
383 3349 604 3436 neceliaria.
662 3351 747 3464 Ipse
777 3353 940 3436 interint
966 3354 1010 3438 in
1034 3353 1125 3462 vitre
1149 3353 1355 3464 sanstitate

233 3480 363 3560 lautas
387 3504 482 3588 opes
506 3476 715 3588 poffidens,
744 3475 848 3560 circa
866 3467 1261 3588 trigefimum'aetatis
1280 3508 1353 3562 an-

232 3619 336 3684 num
355 3621 494 3712 raptus
522 3601 708 3683 traditur.
765 3604 819 3682 Et
849 3600 899 3684 fic
926 3603 1027 3684 bene
1056 3602 1244 3686 convenit
1266 3604 1352 3688 haec
1498 3619 1499 3623 '
1578 3609 1580 3623 '

233 3724 395 3834 effigiet,
416 3723 526 3836 quali
545 3724 782 3834 lanuginem
802 3725 959 3808 densari
977 3747 1017 3832 et
1034 3725 1269 3812 crebrescere
1289 3727 1354 3811 in·

233 3847 448 3960 cipientem
468 3850 599 3934 adhuc
619 3849 808 3932 retinens.
866 3852 940 3933 Sed
966 3879 1089 3961 quam
1113 3853 1270 3938 difficile
1290 3881 1354 3936 ar-

180 3979 185 3984 '
233 3992 478 4081 gumentum
508 3975 578 4057 nbi
607 3973 739 4086 ponit,
776 3972 848 4084 qui
876 3975 1057 4060 tabulam
1086 4003 1356 4063 marmoream

232 4097 295 4179 vel
313 4095 527 4183 faberrime
545 4098 744 4212 sculptam
766 4097 965 4212 reperiens
985 4098 1127 4211 utique
1151 4092 1222 4185 fibi
1247 4119 1286 4185 et
1310 4131 1354 4182 a·

1288 4223 1358 4310 liis·
