3354 5344
256 439 351 514 212
554 417 558 426 '
688 411 1005 514 NOTAE.

302 639 388 736 298.
425 631 636 736 Fugerunt
652 633 805 740 fiecula.
847 635 1124 750 corruperunt,
1160 643 1400 726 enervamur.

250 783 314 868 sic
330 781 434 888 apud
448 783 535 866 Liv.
553 785 688 888 Capua
703 777 996 892 diciturfregff
1009 781 1284 872 Hannibalern.
1386 841 1399 850 2-

297 949 386 1022 44¹·
405 925 520 1010 Nemo
535 921 656 1018 tubas,
674 955 771 1010 nemo
785 925 1027 1028 aerafhtiget.
1062 924 1109 1006 In
1125 923 1278 1008 defeslu
1296 926 1398 1006 lunae

247 1066 418 1152 solebant
441 1095 515 1152 aera
528 1087 696 1175 quatere,
719 1073 827 1175 queis
849 1071 919 1174 ipsi
942 1069 1173 1152 auxiliante
1195 1072 1395 1174 putabant.

251 1217 399 1318 Grang.
685 1223 688 1230 ’

299 1389 385 1468 543.
404 1363 574 1456 Sacerdos
588 1361 743 1448 arboris.
761 1366 887 1472 Judaei
902 1365 1112 1468 alligabant
1125 1364 1314 1450 arboribus
1329 1395 1397 1448 ur·

248 1515 291 1598 bi
307 1515 744 1624 proximisjumentum,
761 1517 894 1622 ibique
910 1535 991 1600 tota
1006 1519 1119 1598 noete
1136 1543 1214 1598 una
1228 1545 1322 1598 cum
1336 1516 1397 1618 ss·

249 1657 358 1746 milia
372 1661 627 1761 dormiebant,
652 1693 701 1748 ex
721 1691 799 1770 qua
813 1689 927 1746 mane
943 1662 1158 1764 surgebant,
1171 1677 1220 1744 ut
1240 1663 1281 1746 in
1302 1663 1398 1745 urbe
1456 1691 1458 1696 ·
1665 1755 1666 1758 Ν

247 1805 499 1894 v'aticinetum
522 1811 716 1905 renitente
745 1810 848 1892 unde
872 1810 996 1892 facete
1020 1808 1154 1914 Judaea
1176 1808 1393 1892 materfam.
1531 1909 1534 1914 ,

245 1951 573 2056 arborufhcerdos.
611 1957 757 2054 Grang.

347 2099 421 2181 sed
437 2101 600 2184 memini
614 2103 744 2185 virum
755 2125 944 2204 magnum
959 2097 1036 2184 hoc
1052 2089 1264 2206 iritellig'ere
1274 2099 1321 2182 de
1332 2127 1393 2182 ar·

247 2241 363 2326 borea
373 2271 499 2340 aurea,
512 2247 580 2330 viti
592 2247 777 2330 nimirum
787 2241 855 2328 ista
866 2247 1026 2352 appensa
1039 2246 1087 2328 ad
1099 2245 1222 2330 valvas
1234 2243 1394 2349 Templi

246 2377 597 2492 Hierosolymitani,
615 2389 662 2470 dc
679 2406 930 2494 quauterque
945 2385 1131 2492 Josephus
1146 2387 1260 2468 etalii
1276 2415 1398 2492 quam

196 2499 201 2510 ι
243 2529 418 2634 plurimi.
458 2531 657 2638 Ingeniosa
680 2533 765 2614 sane
789 2529 1017 2636 conjectura,
1045 2559 1131 2636 quae
1154 2530 1276 2634 specie
1297 2559 1396 2636 qua·
1465 2577 1469 2584 -

240 2669 340 2754 dam
365 2671 497 2757 oculos
522 2669 753 2780 perstringit,
783 2673 845 2756 scd
871 2672 937 2754 cui
964 2692 1093 2754 tamen
1120 2672 1238 2753 fidem
1266 2701 1396 2759 meam

246 2843 326 2900 non
341 2817 492 2924 possum
508 2821 810 2904 accommodare.
846 2805 937 2900 Vid.
956 2807 1076 2921 Epistss
1092 2817 1145 2899 ad
1157 2821 1321 2902 Gronov.

300 2987 385 3068 575.
411 2963 600 3070 Thrasylli.
631 2964 851 3083 Thrasyllus
881 2989 952 3064 pru
983 2989 1216 3066 quocunque
1241 2961 1393 3048 mathe-

247 3115 413 3208 matico;
432 3114 507 3196 suit
520 3117 629 3196 enirn
645 3103 867 3214 Astrologus
884 3111 1048 3194 Tiberii.

300 3267 385 3362 589·
403 3229 564 3360 Consulit
578 3277 666 3342 ante
675 3261 821 3364 phalas.
859 3259 938 3341 Hic
961 3260 1067 3340 locus
1083 3257 1327 3362 explicandus
1344 3285 1393 3340 cx

210 3423 212 3428 '
246 3407 403 3492 historie
418 3409 574 3506 Dionis,
593 3411 649 3492 lib
664 3439 726 3511 49.
752 3411 853 3490 circa
874 3405 1007 3502 finem,
1029 3409 1098 3511 qui
1121 3408 1235 3488 tradit
1253 3408 1315 3488 M.
1335 3409 1394 3486 A·

244 3555 438 3660 grippum,
462 3577 556 3640 curn
573 3559 614 3638 in
637 3555 936 3660 Hippodromo,'
949 3554 975 3633 i.
992 3583 1024 3636 e.
1048 3554 1176 3646 Circ0,
1199 3555 1267 3655 qui
1287 3553 1394 3634 locus

246 3703 385 3790 Romae
414 3706 633 3788 exercendis
672 3700 909 3784 Circensibus
943 3699 1042 3781 ludis
1074 3699 1266 3780 institutus
1300 3705 1394 3794 erat,

245 3855 392 3940 videret
413 3853 625 3960 plemnque
648 3869 813 3933 errantes
838 3849 878 3930 in
904 3875 1077 3941 numero,
1104 3849 1200 3928 dum
1226 3847 1393 3930 duorum

245 4003 453 4088 stadiorum
467 4001 734 4086 circuitionem
751 3999 981 4102 cursumque
1001 3999 1129 4076 minus
1139 4000 1249 4076 ‘recle
1265 3995 1393 4078 obscr-

247 4166 390 4248 rarcnt,
402 4145 541 4255 jussisse
557 4146 755 4252 delphines
769 4143 956 4252 quosdam
981 4140 1157 4250 fabricari
1180 4158 1219 4224 et
1243 4137 1394 4252 machi
