3354 5344
290 481 387 554 no
702 441 1025 554 NOTAE

284 705 358 762 nus
373 674 665 774 exercitationis,
686 705 780 764 oum
801 679 987 786 quispiam
1008 676 1169 761 summit
1190 659 1366 784 pedibue
1376 677 1442 760 in·

285 825 474 930 grediens,
503 853 638 908 manus
666 828 862 932 protendit
890 827 1135 930 ociffimeque
1164 847 1308 920 movet,
1341 827 1439 907 alte-

286 997 371 1054 ram
401 972 605 1056 retrorsum
638 975 804 1070 scilicet,
822 975 980 1056 alteram
1011 973 1184 1078 prorsum
1217 959 1293 1054 &o
1355 972 1439 1054 Alii
1515 1001 1521 1012 ’

286 1117 386 1200 item
402 1118 564 1202 tracium
580 1119 742 1224 intelligi
750 1120 807 1202 de
824 1119 955 1202 arbore
969 1119 1064 1222 pinu
1080 1116 1319 1213 fabricatam,
1336 1117 1441 1222 quod

279 1259 381 1364 pyris
402 1259 561 1342 dicatur·
571 1261 694 1364 pinus,
721 1262 825 1344 unde
846 1261 892 1344 fir
912 1263 1000 1368 pyri
1010 1291 1082 1346 ma.
1131 1263 1219 1363 Ego
1244 1281 1375 1345 autern
1391 1289 1442 1344 ex

287 1404 653 1490 sententia'Luciani
670 1409 861 1492 contendo
883 1410 1044 1512 intelligi
1061 1407 1295 1510 saltationem
1318 1411 1443 1492 Lace-

279 1549 509 1656 ‚damonem
534 1555 824 1663 legendumque
851 1555 924 1638 esse
943 1555 1142 1658 perierante,
1173 1549 1200 1634 i.
1223 1582 1255 1634 e.
1283 1554 1378 1636 saltu
1403 1573 1446 1648 et

287 1726 367 1783 non
389 1701 593 1806 pytr'smate,
622 1729 748 1806 neque
775 1702 1010 1806 pytilisrrrate.
1072 1703 1137 1782 De
1165 1698 1348 1782 omnibus
1381 1697 1444 1781 his

288 1830 489 1950 opinetur,
499 1863 543 1929 ut
558 1848 698 1950 cuique
714 1847 870 1930 libitum
886 1847 972 1928 erit.
1021 1845 1176 1930 Britan.

343 2015 427 2091 ¹91·
458 1989 670 2091 Spatiacala
697 2003 852 2094 mappa.
911 1989 1061 2092 Mappa
1091 1987 1168 2070 fuit
1199 1986 1444 2091 aurigatinnia

289 2133 464 2236 signumr
500 2127 568 2212 hic
595 2147 726 2214 tamen
749 2155 821 2234 pro
847 2127 1074 2236 ipfisiudir.
1125 2127 1285 2213 Nomen
1305 2147 1445 2218 autem

290 2293 424 2386 mappa
437 2302 517 2362 nort
534 2277 735 2374 Latinum,
752 2275 815 2358 sed
829 2277 1040 2398 Punioum.
1140 2307 1146 2346 ·.
1432 2331 1439 2346 2

345 2455 430 2532 193.
455 2423 592 2513 Praedo
614 2423 845 2508 caballorum.
895 2395 1050 2528 Lipsius¹
1064 2425 1212 2530 putavit
1236 2424 1445 2528 legendum

284 2576 419 2683 prada
444 2577 684 2670 caballorum
720 2575 811 2678 quia
839 2573 1155 2676 magne-scilicet
1185 2566 1368 2679 pecuniae,¹
1387 2569 1447 2660 via
1613 2619 1651 2673 f

291 2719 524 2806 effundenda
544 2721 698 2828 pretori
727 2721 770 2802 in
800 2719 951 2823 aurigas
974 2736 1015 2801 et
1044 2746 1180 2830 equos,
1206 2723 1328 2827 iisque
1352 2724 1445 2829 ipse,

287 2889 340 2974 sut
353 2869 499 2975 praeda·
1070 2909 1074 2918 ¹

346 3041 432 3118 205.
455 3013 734 3120 Horasuperfit
749 3013 963 3118 adsextam.
999 3015 1199 3120 Legitima
1213 3016 1339 3100 balnei
1352 3017 1450 3102 hora

294 3159 437 3254 hieme,
447 3187 556 3241 nona
563 3195 576 3254 ς
604 3157 741 3255 aestate,
758 3163 903 3244 otiava.
952 3162 1075 3246 Farn.
1125 3163 1278 3248 Tamen
1294 3164 1360 3247 hic
1376 3165 1450 3246 ali·

292 3322 352 3384 ter
374 3304 537 3385 statuere
561 3305 711 3388 videtur
731 3303 926 3410 Juvenalis
938 3341 952 3398 ς
985 3333 1128 3414 nempe
1151 3326 1197 3390 ot
1224 3309 1316 3392 hera
1333 3281 1448 3412 sexte

291 3449 429 3532 vbalnea
442 3449 659 3534 introirent.

651 3596 756 3677 no
805 3549 1112 3680 san'xn.

342 3739 435 3819 Ver.
457 3763 517 3842 ςς.
543 3737 712 3842 Explicet
727 3745 930 3839 angustaret.¹
978 3741 1038 3822 Ita
1053 3741 1160 3822 enim
1179 3739 1246 3822 hic
1265 3738 1373 3824 locus
1388 3741 1447 3824 le·

293 3885 411 3989 gend,
428 3887 572 3984 suadet,
588 3889 616 3970 i.
630 3916 666 3969 e.
684 3905 730 3970 ut
746 3886 783 3969 se
798 3891 961 3982 arstum,
979 3887 1230 3992 impeditum,
1250 3905 1291 3970 et
1314 3889 1356 3968 in
1375 3915 1446 3970 an·

287 4029 434 4134 ,gussias
453 4029 652 4112 redan
666 4047 824 4136 propter
840 4030 1004 4128 malum,
1027 4031 1306 4136 expeditiorem
1318 4030 1446 4130 faciat,

288 4161 623 4284 impedimentum
640 4178 734 4266 mali
751 4184 966 4276 removent.¹
1014 4175 1133 4280 Lais

1177 4391 1191 4416 r
1234 4359 1237 4367 ·
1274 4331 1335 4409 88.
1359 4325 1445 4414 Ac·
