3350 5336
326 448 426 582 136
558 447 873 586 Juvenanrs
911 446 1121 550 Sarrae
1165 427 1277 544 XIV·
1324 573 1328 586 ἱ

322 687 544 778 Lenonum,
570 703 613 794 et·
625 703 760 768 cantus
777 684 1032 790 pernoctantis
1049 682 1212 789 parafiti.
1322 761 1325 768 ⁴
1436 681 1485 776 46

321 831 502 912 Maxima
517 827 678 912 debetur
692 857 813 936 puero
830 831 1048 914 reverentia.
1099 830 1139 912 Si
1155 828 1248 934 quid
1396 891 1399 900 .
1468 815 1478 834 “

322 979 461 1084 Turpe
477 1005 599 1082 paras,
623 1005 695 1062 nec
712 999 756 1060 tu
772 979 882 1083 pueri
897 973 1166 1082 contempseris
1184 980 1327 1058 annot:
1432 985 1442 994 '

262 1098 268 1118 ⁸
323 1119 399 1210 Sed
413 1103 619 1225 peccaturo
636 1117 786 1202 obfistat
803 1119 875 1202 tibi
891 1119 992 1200 filius
1008 1119 1147 1201 infans.

322 1262 592 1370 Namfiquid
607 1263 771 1366 dignum
786 1263 948 1346 censoris
965 1263 1098 1346 fecerit
1112 1265 1181 1360 ira,
1441 1283 1491 1360 50

325 1407 654 1518 Qandoquidem
671 1407 834 1490 similem
851 1406 923 1488 tibi
937 1407 975 1488 se
991 1432 1069 1486 non
1086 1431 1245 1510 corpore
1260 1419 1424 1487 tanturn
1479 1441 1484 1444 ·

323 1551 413 1636 Nec
429 1549 538 1634 vultu
557 1549 715 1643 dederit,
739 1537 897 1632 morur'n
915 1577 1072 1653 quoque
1088 1549 1204 1645 filius,
1229 1567 1383 1632 etcum

325 1699 476 1780 Omnia
492 1697 655 1780 deterius
674 1716 741 1778 tua
755 1726 824 1801 per
838 1697 993 1802 vestigia
1009 1717 1154 1802 peccet,

326 1841 525 1946 corripies·
537 1843 735 1934 nimirum,
752 1859 790 1922 et
806 1839 1003 1944 castigabis
1019 1841 1156 1926 acerbo
1171 1813 1176 1828 ⁸

326 1986 525 2079 Clamore,
550 2011 594 2064 ac
611 1984 695 2087 post
711 1983 794 2064 haec
811 1983 956 2066 tabulas
974 2002 1123 2066 mutare
1138 1980 1301 2088 parabis.
1439 2001 1484 2081 55

328 2131 447 2214 Unde
461 2131 534 2212 tibi
548 2129 716 2213 frontem
732 2129 1024 2235 libertatemque
1039 2133 1219 2235 parentis,

274 2264 280 2275 Χ
329 2248 438 2358 Cam
453 2271 567 2354 facias
582 2272 711 2379 pejora
725 2274 851 2370 senex,
875 2289 1121 2379 vacuumque
1137 2274 1293 2358 cerebro

330 2423 571 2529 Jamp'tidem
585 2439 700 2528 caput
714 2422 793 2504 hoc
810 2425 961 2506 ventosa
977 2426 1176 2506 cucurbita
1191 2423 1372 2530 quarrati·

333 2567 500 2671 Hospite
516 2584 689 2662 venturo,
714 2567 868 2650 cessabit
884 2597 1000 2651 nemo
1017 2589 1200 2652 tuorum:

330 2709 451 2794 Verre
468 2693 756 2814 pavimentum
782 2712 918 2794 nitidas
936 2715 1090 2796 ostende
1123 2714 1342 2809 columnata
1437 2715 1489 2804 60,

55 2865 63 2884 ·
168 2913 170 2921 ι
332 2853 455 2934 Arida
469 2881 564 2937 cum
580 2871 661 2934 tota
678 2853 877 2937 descendat
892 2885 1023 2940 aranea
1040 2858 1114 2942 tela
1128 2887 1139 2940 t

334 2995 415 3078 Hic
430 2994 513 3076 leve
531 3013 750 3096 argentum,
772 2997 855 3077 vasa
871 2997 996 3102 aspera
1010 3016 1156 3104 tergeat
1171 2999 1289 3082 alter:

329 3143 424 3226 Vox
439 3143 587 3226 domini
603 3141 733 3226 fremit
748 3145 932 3241 instantia
956 3150 1181 3257 virgamque
1198 3149 1375 3248 tenentis.
1394 3199 1396 3204 ·

331 3282 442 3390 Ergo
458 3285 570 3368 miser
585 3284 763 3390 trepidas,
788 3315 837 3372 ne
853 3287 1012 3372 stercore
1028 3291 1133 3374 foeda
1146 3295 1284 3376 canino
1424 3285 1468 3320 ”
1633 3365 1635 3404 ,

336 3429 450 3511 Atria
464 3428 683 3532 displiceant
696 3428 815 3510 oculis
832 3431 1014 3514 venientis
1031 3435 1159 3531 amici,
1302 3465 1315 3490 ²
1437 3445 1461 3522 6
1464 3463 1486 3544 ς
1633 3417 1635 3452 i

332 3576 402 3662 Ne
417 3572 567 3678 perfusa
580 3572 665 3654 luto
681 3571 726 3654 fit
743 3576 937 3677 porticus3
962 3595 1003 3658 et
1019 3595 1148 3660 tamen
1164 3605 1243 3662 uno
1278 3617 1282 3624 ¹

337 3715 517 3798 Semodio
531 3713 651 3796 scobis
669 3712 754 3795 haec
769 3717 949 3800 emendat
964 3719 1127 3801 servulus
1145 3749 1275 3826 unns.¹

256 3869 258 3874 ’
334 3857 440 3944 Illud
457 3882 535 3938 non
553 3856 684 3956 agitas,
711 3872 755 3935 ut
772 3855 941 3940 sanstam
957 3857 1057 3942 filius
1074 3864 1185 3945 omni

338 4006 508 4108 Aspiciat
523 4003 599 4089 fine
615 4003 702 4085 labe
718 4005 894 4100 domum,
919 4008 1090 4116 vitioque
1106 4015 1329 4102 carentem?
1393 4101 1401 4120 ,

336 4149 508 4235 Gratum
523 4145 589 4242 est,
615 4147 719 4252 quod
734 4151 865 4256 patria
881 4151 1419 4270 civemlpopuloquededisti,
1441 4187 1491 4263 70

736 4356 738 4358 -
1448 4308 1489 4392 si
