3342 5334
423 459 1108 600 Juvnnrits·8arrrtr1V.
1307 507 1369 604 33

206 673 422 775 Perculsus,
440 684 606 777 Bellona,
622 701 691 767 tuo
708 685 850 770 divinat
867 726 880 783 3
912 712 950 774 et
962 691 1097 794 ingens'

172 857 174 866 ’
214 825 348 906 Omen
363 827 493 923 habes,
509 829 648 935 inquit,
664 837 808 938 magni,
821 837 985 941 clarique
1001 837 1200 943 triumphi.
1281 865 1349 942 125

214 968 366 1074 Regem
385 975 550 1077 aliquem
564 979 701 1081 capies,
717 998 783 1061 aut
797 981 846 1062 de
862 1001 1015 1064 temone
1031 984 1229 1066 Britanno·
1336 999 1338 1008 ‘

98 1175 100 1180 ,
215 1113 379 1202 Excidet
391 1123 620 1226 Arviragus:
645 1129 841 1230 peregrina
854 1129 908 1210 est
922 1131 1060 1212 bellua.
1088 1131 1224 1213 Cernis

214 1263 369 1351 Erectas
385 1272 425 1350 in
438 1289 543 1374 terga
560 1244 693 1356 sude's?
717 1273 794 1356 hoc
811 1275 933 1358 defuit
947 1306 1071 1360 unum

213 1413 402 1512 Fabricio,
419 1423 582 1523 patriam
605 1439 649 1502 ut
664 1421 818 1505 rhombi
834 1446 1074 1520 memoraret,
1098 1445 1137 1510 et
1153 1455 1283 1510 annos.

214 1533 413 1675 chnam
426 1569 544 1670 igitur
559 1549 713 1686 censes?
738 1571 981 1652 conciditur?
1007 1571 1100 1680 abfi't
1117 1573 1164 1654 ab
1180 1573 1247 1655 illo
1279 1601 1349 1676 130

215 1707 395 1794 Dedecus
411 1709 500 1807 hoc,
516 1703 730 1794 Montanus
745 1715 798 1796 ait
812 1749 825 1809 3
851 1715 943 1798 testa
961 1717 1035 1798 alta
1050 1735 1215 1821 paretur,
1304 1723 1308 1731 “

215 1863 315 1970 Qae
332 1862 438 1944 tenui
452 1837 565 1944 muro
577 1837 778 1967 spatiosum
793 1866 947 1968 colligat
963 1865 1108 1949 orbem.
1187 1947 1191 1964 ,
1313 1972 1315 1978 ἢ

215 2013 392 2097 Debetur
404 1993 567 2119 magnus
586 2019 724 2119 patinae
739 2017 956 2123 subitusque
972 2017 1234 2102 Prometheus.
1324 2053 1334 2102 ,ι

214 2164 421 2267 Argillam,
432 2183 545 2270 atque
556 2181 680 2246 rotam
692 2167 802 2248 citius
814 2185 1032 2270 properate:
1050 2166 1112 2247 sed
1128 2193 1176 2246 cx
1191 2165 1268 2246 hoc

215 2313 409 2417 Tempore
417 2309 516 2417 jam,
536 2314 668 2406 Caesar,
683 2313 791 2416 figuli
807 2332 874 2395 tua
889 2313 1006 2394 castra
1022 2311 1236 2418 sequantur.
1291 2339 1333 2414 13
1338 2337 1360 2414 ς

217 2455 324 2537 Vicit
336 2455 503 2555 digna
468 2483 549 2536 vrro
565 2455 775 2536 sententia.
801 2476 958 2550 noverat
974 2455 1039 2536 ille

215 2587 450 2686 Luxuriam'
439 2605 590 2708 1mperii
605 2622 783 2697 veterem,
803 2605 1005 2734 noctesque
1021 2604 1186 2689 Neronis

213 2755 305 2858 Jam
323 2727 478 2849 medias,
496 2752 685 2856 aliamque
700 2753 858 2844 famem,
877 2780 970 2833 cum
987 2753 1120 2856 pulmo
1134 2752 1313 2836 Falerno
1365 2721 1369 2727 .

215 2900 389 2982 Arderet
414 2898 536 2980 Nulli
533 2896 664 2998 major
678 2896 753 2978 fuit
773 2898 858 2976 usus
875 2894 1084 2976 edendi

212 3046 458 3148 Tempestate
473 3073 571 3123 mea.
597 3019 749 3122 Circaeia
762 3059 850 3122 nata
864 3038 1004 3133 forent,
1020 3067 1069 3119 an
1287 3070 1358 3138 ¹40

176 3259 178 3264 -
215 3199 428 3278 Lucrinum
445 3192 491 3273 ad
508 3196 651 3284 saxum,
665 3191 911 3292 Rutupinove
927 3191 1027 3271 edita
1042 3189 1164 3271 sundo
1233 3195 1235 3204 '
1288 3160 1298 3206 '¹

214 3346 362 3438 Ostrea,
384 3343 544 3424 callebat
561 3339 693 3442 primo
703 3335 932 3439 deprendere
948 3338 1101 3418 morsu:
1211 3341 1215 3348 “

215 3479 267 3573 Et
285 3490 398 3572 semel
410 3487 544 3589 aspecti
555 3486 645 3565 litus
663 3483 811 3564 dicebat
827 3481 967 3562 echini.

185 3651 187 3660 '
214 3638 402 3738 Surgitur,
421 3653 460 3714 et
477 3632 586 3714 millo
602 3659 773 3734 proceres
784 3657 912 3732 extro
902 3625 1102 3712 ubentur

15 3825 16 3832 ¹
132 3820 140 3832 ·
216 3783 405 3874 Concilio,
414 3805 510 3882 quos
527 3779 718 3859 Albanam
734 3776 812 3859 dux
829 3801 990 3883 magnus
1007 3779 1056 3858 in
1064 3745 1193 3859 arcem
1283 3783 1352 3882 14'5

214 3925 404 4008 Traxerat
421 3925 612 4018 attonitos,
630 3943 671 4004 et
685 3921 857 4004 festinare
873 3925 1093 4017 coaetos,

212 4047 422 4178 Tanquam
439 4069 486 4149 de
504 4063 626 4150 Cattis
642 4068 799 4171 aliquid,
810 4070 997 4173 torvisque
1012 4069 1215 4152 &cambris

214 4211 396 4299 Dicturus
407 4250 420 4307 ;
445 4236 625 4316 tanquam
643 4212 791 4296 diverfis
807 4215 975 4316 partibus
1000 4215 1100 4296 orbis

293 4360 296 4368 ’
836 4365 881 4444 ”C
1239 4366 1352 4446 Anx-
