3342 5334
286 367 315 464 8
548 371 869 508 Juvauanrs
905 385 1192 489 diurnali.

278 589 378 672 Haec
396 595 528 676 animo
547 616 636 680 ante
653 599 784 684 tubas:
810 605 1005 708 galeatum
1021 607 1103 691 sero
1114 611 1231 696 duelli

278 737 458 852 Poenitet.
490 742 687 844 Experiar,
712 750 805 854 quid
822 753 1052 836 concedatur
1067 755 1108 838 in
1125 758 1226 854 illos,
1358 791 1428 867 170

280 884 463 988 Qiprum
478 888 671 974 Flaminia
687 897 831 1000 tegitur
848 899 956 996 cinis,
976 921 1090 1010 atque
1107 905 1256 994 Latina.

630 1233 1120 1388 snuunnu.⁸

398 1437 491 1520 Ltra
511 1441 749 1527 Sauromatas¹
763 1447 896 1552 fugere
914 1451 1006 1534 hinc
1023 1455 1131 1550 libet,
1149 1475 1188 1540 et
1203 1459 1402 1562 glacialem

414 1591 629 1688 Oceanum,
649 1597 799 1698 quoties
814 1601 958 1708 aliquid
974 1605 1022 1686 de
1040 1608 1211 1690 moribus
1229 1610 1383 1705 audent,

275 1739 361 1843 Qi
376 1739 515 1819 Curios
533 1738 726 1836 fimulant,
744 1761 783 1824 ct
797 1745 1044 1833 Bacchanalia
1061 1755 1207 1851 vivunt,

271 1887 425 1971 Indosti
442 1865 614 1992 brimum
634 1920 644 1970 τ
666 1918 889 1998 quanquam
905 1899 1017 2002 plena
1027 1905 1160 1985 omnia
1173 1906 1291 2010 gypso

155 2077 159 2085 =
273 2034 682 2140 Chryfippiinvenies:
708 2067 801 2122 nam
817 2042 1262 2146 perfectiifimushorum
1279 2051 1346 2148 est,
1401 2073 1428 2155 5v

275 2183 318 2264 Si
336 2185 421 2286 quis
439 2185 686 2268 Aristotelem
697 2189 874 2288 fimilem,
889 2195 948 2275 vel
962 2197 1152 2294 Pittacon,
1170 2203 1282 2296 emit,

270 2333 449 2440 Etjubet
466 2339 688 2444 archetypos
702 2343 881 2446 pluteum
899 2347 1040 2432 servare
1055 2351 1276 2436 Cleanthas.

269 2481 408 2564 Fronti
422 2481 528 2566 nulla
544 2485 649 2570 fides.
669 2491 766 2602 Qis
782 2493 888 2573 enim
900 2520 978 2574 non
993 2497 1100 2585 vicus
1121 2497 1290 2587 abundat
1507 2473 1514 2492 ⁹

270 2626 464 2714 Tristibus
479 2633 665 2752 obscoenis
678 2635 700 2752 ἓΙ
718 2617 877 2742 castigas
894 2644 1033 2743 turpia,
1050 2672 1145 2736 cum
1158 2643 1204 2735 sis
1356 2619 1359 2625 ⁵

241 2783 250 2793 '
270 2779 379 2862 Inter
392 2782 600 2870 Soc'raticos
619 2789 812 2870 notiffima
829 2789 922 2872 foffa
938 2793 1114 2886 cinados,
1375 2819 1419 2884 10

154 2895 157 2898 ἱ
237 2929 435 3044 ,ΙΗίΐΡίἀα
448 2938 627 3022 membra
643 2941 816 3043 quidem,
833 2958 873 3021 et
887 2942 989 3026 durae
1005 2971 1073 3048 per
1090 2943 1246 3027 brachia
1264 2945 1348 3070 seta

269 3079 509 3170 Promittunt
526 3071 695 3171 atrocem
712 3090 911 3172 animum:
937 3091 999 3172 sed
1016 3096 1152 3195 podice
1168 3095 1254 3187 laevi

270 3239 483 3323 Caeduntur
504 3243 676 3336 tumidae,
691 3242 844 3322 medico
860 3243 1021 3340 ridente,
1037 3225 1216 3329 mariscae.

267 3394 392 3476 Rarus
407 3394 531 3476 sermo
542 3393 630 3484 illia,
648 3411 688 3473 et
704 3420 846 3498 magna
864 3395 984 3479 libido
1003 3394 1166 3492 tacendi,

267 3535 614 3646 Atque'supercilio
630 3517 781 3624 brerior
797 3571 923 3628 coma.
949 3548 1086 3630 Verius
1104 3575 1210 3650 ergo,
1369 3579 1384 3628 1
1392 3571 1413 3652 ς

265 3696 321 3776 Et
339 3697 462 3796 magis
478 3696 644 3795 ingenue
662 3695 927 3779 Peribomius:
954 3698 1060 3780 hunc
1076 3727 1150 3800 ego
1166 3697 1254 3782 fatis

264 3803 436 3947 imputo,
463 3844 531 3950 qui
548 3840 656 3923 vultu
672 3843 867 3938 morbum,
885 3845 1102 3949 incessuque
1117 3846 1271 3938 fatetur.

263 3995 420 4077 Horum
445 3991 664 4096 fimplicitas
689 3994 936 4087 miserabilis;
970 3995 1030 4076 his
1047 3995 1155 4078 furor
1170 3999 1299 4102 ipse.
1378 3991 1381 3994 ’
1515 4043 1517 4047 ·

263 4143 344 4227 Dat
359 4142 535 4226 veniam:
563 4143 624 4226 sed
639 4141 800 4249 pejores,
818 4145 886 4248 qui
904 4143 992 4227 talia
1006 4143 1130 4230 verbis
1341 4221 1345 4228 ,
1397 4161 1399 4170 ·
1454 4217 1458 4224 .

1238 4289 1245 4304 ’
1307 4293 1413 4399 Hera
