3342 5334
462 440 779 575 Juvsuaurs
813 439 1023 536 Sauras
1049 449 1131 536 vt.
1296 391 1362 566 sp
1399 442 1405 462 '

219 663 468 761 Protulit,‘ut
485 691 569 746 mos
585 623 652 759 en,
678 683 717 747 et
732 681 860 769 aperta
873 663 1011 767 palluit
1030 691 1142 767 agna.
1239 707 1243 714 -
1282 643 1290 696 ⁴

157 885 160 904 ,
220 806 300 889 Dic
316 805 418 890 mihi
434 835 551 901 nunc,
570 803 710 910 quaeso,
735 805 812 898 dic,
838 803 1095 907 antiquissime
1110 802 1288 898 Divdms

219 951 440 1056 Respondes
456 951 531 1046 his,
555 952 652 1056 Jane
667 949 797 1053 pater?
823 975 965 1052 magna
979 952 1064 1032 ocia
1078 949 1192 1045 coelo,
1295 985 1302 994 ’

63 1156 67 1162 .
218 1093 315 1174 Non
332 1093 398 1210 est,
425 1113 469 1178 ut
481 1095 593 1176 video
608 1121 688 1176 non
704 1093 773 1188 est,
798 1093 905 1198 quod
920 1111 1053 1195 agatur
1069 1094 1170 1196 apud
1180 1121 1264 1218 vos.

220 1239 319 1320 Hac
335 1239 383 1321 de
398 1241 643 1329 comoediste
657 1239 840 1324 consulit:
866 1241 932 1322 illa
948 1241 1165 1344 tragoedum
1288 1267 1360 1346 395

219 1385 502 1469 Commendare
516 1385 638 1481 volct3
659 1387 848 1474 varicosus·
858 1385 927 1469 fiet
943 1385 1142 1491 haruspex.
1190 1435 1195 1446 .
1262 1485 1265 1492 ⁴

217 1539 292 1623 Sed
306 1547 434 1623 caruet
446 1539 590 1642 potius,
616 1564 736 1642 quam
753 1554 876 1619 totam
891 1537 1060 1640 pervolet
1075 1537 1213 1620 urbem

211 1689 371 1783 Audax,
396 1704 435 1768 et
448 1705 569 1768 coetus
582 1684 694 1788 poffit
707 1709 831 1788 ¹quam
847 1682 945 1767 ferre
956 1687 1138 1781 virorum,
1238 1769 1240 1776 ,

215 1837 401 1938 Cumque
416 1831 604 1938 paludatis
621 1830 796 1924 ducibus,
821 1829 1001 1934 prasente
1016 1833 1175 1927 marito,

217 1985 303 2088 Ipsa
317 1981 439 2086 loqui,
464 1983 566 2062 ressa
589 1978 702 2074 facie,
728 1978 943 2083 strictisque
959 1979 1159 2062 mamillis.
1306 2007 1384 2128 4oo

217 2129 317 2212 Haec
333 2127 478 2210 eadem
482 2127 604 2219 novit,
629 2098 725 2229 ‘quid
741 2143 827 2208 toto
842 2123 937 2207 fiat
925 2154 967 2206 ιιι
984 2126 1100 2208 orbe:

217 2278 326 2384 Qd
337 2275 455 2366 Seres
480 2271 575 2376 quid
590 2269 774 2364 Thraces,
799 2289 935 2372 agant:
961 2274 1101 2356 secreta
1119 2301 1305 2376 noverca,

217 2427 273 2508 Et
291 2425 422 2530 pueri:
447 2422 534 2526 quis
551 2435 654 2500 amet
658 2453 672 2511 ς
684 2429 687 2436 '
699 2417 784 2521 quis
809 2416 1019 2521 decipiatur
1034 2407 1205 2504 adulter.¹

158 2579 162 2588 “
219 2573 353 2666 Dicet,
378 2569 464 2673 quis
477 2568 633 2650 viduam
648 2582 909 2670 pragmatum
925 2563 1071 2672 fecerit,
1089 2585 1127 2650 et
1143 2593 1222 2677 quo
1278 2597 1364 2668 ¹404

217 2717 368 2810 Mense,
394 2715 533 2818 quibus
548 2707 670 2794 verbis
686 2709 918 2793 concumbat
934 2737 1108 2814 quaeque,
1135 2693 1383 2818 modisqunt.
1498 2725 1504 2732 ’

216 2866 430 2949 instantem
446 2863 527 2962 regi
541 2858 741 2952 Amrenio,
767 2855 985 2960 Parthoque
999 2877 1193 2944 cometem
1348 2871 1372 2890 ”

218 3015 350 3097 Prima
364 3011 492 3093 videt:
517 3006 677 3100 famam,
697 3000 941 3105 rumoresque
954 3003 1020 3084 illa
1034 3022 1204 3086 recentes
1285 3067 1288 3076 ,

217 3161 377 3265 Excipit
392 3159 441 3240 ad
457 3174 605 3260 portas:
632 3149 818 3257 quosdam
832 3147 947 3230 facit:
972 3149 1038 3230 tffe
1053 3149 1271 3254 Niphatem

216 3312 266 3390 In
281 3306 458 3412 populos,
483 3323 701 3404 magnoque
719 3297 796 3378 illic
812 3299 951 3380 cuncta
966 3323 1054 3376 arva
1071 3295 1192 3376 teneri
1280 3371 1283 3378 .

218 3457 400 3548 Diluvio·
426 3467 561 3532 nutare
578 3449 702 3540 urbes,
725 3445 909 3526 subfidcre
927 3461 1056 3539 terras,
1288 3472 1364 3574 430

219 3597 507 3710 roumque
495 3623 537 3676 m
553 3594 679 3684 trivio,
709 3590 941 3692 cuicumque
957 3588 1010 3668 est
1027 3587 1153 3682 obvia,
1172 3606 1311 3670 narrat.

216 3745 305 3863 Nec
321 3762 451 3826 tamen
466 3740 507 3821 id
522 3737 661 3820 vitium
679 3736 800 3836 magis
817 3731 1068 3825 intolerabile,
1093 3759 1212 3835 quam
1233 3731 1339 3835 quod

216 3859 377 3984 Vicinos
393 3859 558 3970 humiles
574 3909 719 3986 rapere,
743 3897 783 3961 et
799 3879 999 3960 concidere
1016 3876 1105 3960 loris

217 4037 386 4126 Exorata
400 4031 516 4112 solet.
542 4023 634 4116 nam
650 4021 888 4107 salatratibus
901 4023 969 4105 alti

213 4185 470 4292 Rumpuatur
484 4179 632 4275 somni;
656 4175 770 4260 fustes
787 4173 865 4258 huc
883 4201 1015 4278 ocyus,
1040 4172 1179 4278 inquit,
1238 4245 1247 4258 .
1289 4199 1363 4274 415
1519 4227 1525 4244 ,

1276 4310 1365 4397 Af.
