<?xml version="1.0" encoding="UTF-8"?>
<!DOCTYPE html PUBLIC "-//W3C//DTD XHTML 1.0 Transitional//EN"
    "http://www.w3.org/TR/xhtml1/DTD/xhtml1-transitional.dtd">
<html xmlns="http://www.w3.org/1999/xhtml" xml:lang="en" lang="en">
 <head>
  <title>
</title>
<meta http-equiv="Content-Type" content="text/html;charset=utf-8" />
  <meta name='ocr-system' content='tesseract 3.04.00' />
  <meta name='ocr-capabilities' content='ocr_page ocr_carea ocr_par ocr_line ocrx_word'/>
</head>
<body>
  <div class='ocr_page' id='page_1' title='image "./djuniijuvenalis01persgoog_0085.png"; bbox 0 0 3342 5334; ppageno 0'>
   <div class='ocr_carea' id='block_1_1' title="bbox 292 415 1213 558">
    <p class='ocr_par' dir='ltr' id='par_1_1' title="bbox 292 415 1213 558">
     <span class='ocr_line' id='line_1_1' title="bbox 292 415 1213 558; baseline -0.02 -34"><span class='ocrx_word' id='word_1_1' title='bbox 292 429 359 554; x_wconf 76' lang='lat'>56</span> <span class='ocrx_word' id='word_1_2' title='bbox 543 423 863 558; x_wconf 81' lang='lat' dir='ltr'>Juvruanrs</span> <span class='ocrx_word' id='word_1_3' title='bbox 897 415 1108 514; x_wconf 78' lang='lat' dir='ltr'>Saarna</span> <span class='ocrx_word' id='word_1_4' title='bbox 1139 421 1213 508; x_wconf 83' lang='lat' dir='ltr'>vt.</span> 
     </span>
    </p>
   </div>
   <div class='ocr_carea' id='block_1_2' title="bbox 290 599 1438 2368">
    <p class='ocr_par' dir='ltr' id='par_1_2' title="bbox 290 599 1093 738">
     <span class='ocr_line' id='line_1_2' title="bbox 290 599 1093 738; baseline -0.015 -15"><span class='ocrx_word' id='word_1_5' title='bbox 290 621 432 725; x_wconf 76' lang='lat' dir='ltr'>Oscula</span> <span class='ocrx_word' id='word_1_6' title='bbox 447 639 650 730; x_wconf 74' lang='lat' dir='ltr'>deie&#39;dent,</span> <span class='ocrx_word' id='word_1_7' title='bbox 674 655 714 718; x_wconf 91' lang='lat' dir='ltr'>et</span> <span class='ocrx_word' id='word_1_8' title='bbox 730 599 936 738; x_wconf 68' lang='lat' dir='ltr'>desperatio</span> <span class='ocrx_word' id='word_1_9' title='bbox 952 631 1093 726; x_wconf 82' lang='lat' dir='ltr'>barbae,</span> 
     </span>
    </p>

    <p class='ocr_par' dir='ltr' id='par_1_3' title="bbox 290 779 1438 1792">
     <span class='ocr_line' id='line_1_3' title="bbox 290 779 1261 896; baseline -0.013 -22"><span class='ocrx_word' id='word_1_10' title='bbox 290 793 346 874; x_wconf 90' lang='lat' dir='ltr'>Et</span> <span class='ocrx_word' id='word_1_11' title='bbox 361 793 467 896; x_wconf 92' lang='lat' dir='ltr'>quod</span> <span class='ocrx_word' id='word_1_12' title='bbox 483 792 655 882; x_wconf 81' lang='lat' dir='ltr'>abortivo</span> <span class='ocrx_word' id='word_1_13' title='bbox 672 814 749 869; x_wconf 92' lang='lat' dir='ltr'>non</span> <span class='ocrx_word' id='word_1_14' title='bbox 772 785 827 866; x_wconf 90' lang='lat' dir='ltr'>est</span> <span class='ocrx_word' id='word_1_15' title='bbox 843 811 954 890; x_wconf 84' lang='lat' dir='ltr'>opur.</span> <span class='ocrx_word' id='word_1_16' title='bbox 996 784 1067 866; x_wconf 88' lang='lat' dir='ltr'>Illa</span> <span class='ocrx_word' id='word_1_17' title='bbox 1080 779 1261 883; x_wconf 76' lang='lat' dir='ltr'>voluptas</span> 
     </span>
     <span class='ocr_line' id='line_1_4' title="bbox 292 921 1373 1056; baseline -0.018 -36"><span class='ocrx_word' id='word_1_18' title='bbox 292 942 454 1020; x_wconf 87' lang='lat' dir='ltr'>Summa</span> <span class='ocrx_word' id='word_1_19' title='bbox 473 957 617 1030; x_wconf 86' lang='lat' dir='ltr'>tamen,</span> <span class='ocrx_word' id='word_1_20' title='bbox 641 935 746 1040; x_wconf 90' lang='lat' dir='ltr'>quod</span> <span class='ocrx_word' id='word_1_21' title='bbox 756 932 842 1040; x_wconf 91' lang='lat' dir='ltr'>jam</span> <span class='ocrx_word' id='word_1_22' title='bbox 858 933 980 1016; x_wconf 85' lang='lat' dir='ltr'>calida</span> <span class='ocrx_word' id='word_1_23' title='bbox 996 949 1036 1012; x_wconf 89' lang='lat' dir='ltr'>et</span> <span class='ocrx_word' id='word_1_24' title='bbox 1052 945 1203 1056; x_wconf 82' lang='lat' dir='ltr'>matura</span> <span class='ocrx_word' id='word_1_25' title='bbox 1212 921 1373 1029; x_wconf 86' lang='lat' dir='ltr'>juventa</span> 
     </span>
     <span class='ocr_line' id='line_1_5' title="bbox 291 1077 1420 1190; baseline -0.015 -22"><span class='ocrx_word' id='word_1_26' title='bbox 291 1087 455 1190; x_wconf 87' lang='lat' dir='ltr'>Inguina</span> <span class='ocrx_word' id='word_1_27' title='bbox 472 1088 674 1168; x_wconf 88' lang='lat' dir='ltr'>traduntur</span> <span class='ocrx_word' id='word_1_28' title='bbox 688 1083 861 1178; x_wconf 83' lang='lat' dir='ltr'>medicis,</span> <span class='ocrx_word' id='word_1_29' title='bbox 879 1079 964 1186; x_wconf 89' lang='lat' dir='ltr'>jam</span> <span class='ocrx_word' id='word_1_30' title='bbox 982 1079 1131 1182; x_wconf 82' lang='lat' dir='ltr'>pettine</span> <span class='ocrx_word' id='word_1_31' title='bbox 1148 1077 1272 1178; x_wconf 77' lang='lat' dir='ltr'>nigro.</span> <span class='ocrx_word' id='word_1_32' title='bbox 1417 1137 1420 1144; x_wconf 93' lang='lat'><em>.</em></span> 
     </span>
     <span class='ocr_line' id='line_1_6' title="bbox 292 1226 1438 1338; baseline -0.012 -26"><span class='ocrx_word' id='word_1_33' title='bbox 292 1233 399 1338; x_wconf 78' lang='lat' dir='ltr'>Ergo</span> <span class='ocrx_word' id='word_1_34' title='bbox 414 1231 643 1334; x_wconf 78' lang='lat' dir='ltr'>exspectatos</span> <span class='ocrx_word' id='word_1_35' title='bbox 662 1227 832 1334; x_wconf 76' lang='lat' dir='ltr'>&#39;acjutsos</span> <span class='ocrx_word' id='word_1_36' title='bbox 847 1229 1010 1308; x_wconf 84' lang='lat' dir='ltr'>crescere</span> <span class='ocrx_word' id='word_1_37' title='bbox 1023 1226 1199 1328; x_wconf 88' lang='lat' dir='ltr'>primum</span> <span class='ocrx_word' id='word_1_38' title='bbox 1360 1241 1438 1324; x_wconf 81' lang='lat'>370</span> 
     </span>
     <span class='ocr_line' id='line_1_7' title="bbox 292 1371 1234 1484; baseline -0.014 -22"><span class='ocrx_word' id='word_1_39' title='bbox 292 1381 520 1476; x_wconf 87' lang='lat' dir='ltr'>Testiculos,</span> <span class='ocrx_word' id='word_1_40' title='bbox 545 1380 748 1484; x_wconf 84' lang='lat' dir='ltr'>postquam</span> <span class='ocrx_word' id='word_1_41' title='bbox 762 1393 961 1480; x_wconf 89' lang='lat' dir='ltr'>coeperunt</span> <span class='ocrx_word' id='word_1_42' title='bbox 978 1371 1050 1454; x_wconf 81' lang='lat' dir='ltr'>effe</span> <span class='ocrx_word' id='word_1_43' title='bbox 1064 1371 1234 1467; x_wconf 84' lang='lat' dir='ltr'>bilibres,</span> 
     </span>
     <span class='ocr_line' id='line_1_8' title="bbox 292 1519 1177 1628; baseline -0.009 -22"><span class='ocrx_word' id='word_1_44' title='bbox 292 1527 476 1610; x_wconf 89' lang='lat' dir='ltr'>Tonsoris</span> <span class='ocrx_word' id='word_1_45' title='bbox 494 1529 637 1610; x_wconf 89' lang='lat' dir='ltr'>damno</span> <span class='ocrx_word' id='word_1_46' title='bbox 653 1535 806 1610; x_wconf 87' lang='lat' dir='ltr'>tantum</span> <span class='ocrx_word' id='word_1_47' title='bbox 821 1525 920 1628; x_wconf 87' lang='lat' dir='ltr'>rapit</span> <span class='ocrx_word' id='word_1_48' title='bbox 929 1519 1177 1610; x_wconf 82' lang='lat' dir='ltr'>Heliodorus.</span> 
     </span>
     <span class='ocr_line' id='line_1_9' title="bbox 293 1663 1244 1792; baseline -0.015 -34"><span class='ocrx_word' id='word_1_49' title='bbox 293 1677 534 1792; x_wconf 82' lang='lat' dir='ltr'>Conspicuus</span> <span class='ocrx_word' id='word_1_50' title='bbox 549 1677 679 1776; x_wconf 84' lang='lat' dir='ltr'>longe,</span> <span class='ocrx_word' id='word_1_51' title='bbox 697 1669 920 1772; x_wconf 64' lang='lat' dir='ltr'>cunctisque</span> <span class='ocrx_word' id='word_1_52' title='bbox 935 1663 1114 1750; x_wconf 85' lang='lat' dir='ltr'>notabilis</span> <span class='ocrx_word' id='word_1_53' title='bbox 1128 1665 1244 1746; x_wconf 82' lang='lat' dir='ltr'><strong>intrat</strong></span> 
     </span>
    </p>

    <p class='ocr_par' dir='ltr' id='par_1_4' title="bbox 292 1809 1164 1914">
     <span class='ocr_line' id='line_1_10' title="bbox 292 1809 1164 1914; baseline -0.014 -12"><span class='ocrx_word' id='word_1_54' title='bbox 292 1821 446 1914; x_wconf 84' lang='lat' dir='ltr'>Balnea,</span> <span class='ocrx_word' id='word_1_55' title='bbox 473 1847 544 1902; x_wconf 91' lang='lat' dir='ltr'>nec</span> <span class='ocrx_word' id='word_1_56' title='bbox 560 1818 677 1900; x_wconf 90' lang='lat' dir='ltr'>dubie</span> <span class='ocrx_word' id='word_1_57' title='bbox 694 1813 893 1900; x_wconf 89' lang='lat' dir='ltr'>custodem</span> <span class='ocrx_word' id='word_1_58' title='bbox 904 1813 991 1894; x_wconf 80' lang='lat' dir='ltr'>uitis</span> <span class='ocrx_word' id='word_1_59' title='bbox 1007 1828 1047 1894; x_wconf 90' lang='lat' dir='ltr'>et</span> <span class='ocrx_word' id='word_1_60' title='bbox 1060 1809 1164 1892; x_wconf 90' lang='lat' dir='ltr'>horti</span> 
     </span>
    </p>

    <p class='ocr_par' dir='ltr' id='par_1_5' title="bbox 291 1951 1433 2368">
     <span class='ocr_line' id='line_1_11' title="bbox 291 1951 1433 2058; baseline -0.015 -11"><span class='ocrx_word' id='word_1_61' title='bbox 291 1965 491 2056; x_wconf 86' lang='lat' dir='ltr'>Provocat,</span> <span class='ocrx_word' id='word_1_62' title='bbox 518 1964 713 2046; x_wconf 87' lang='lat' dir='ltr'>adomina</span> <span class='ocrx_word' id='word_1_63' title='bbox 727 1959 851 2042; x_wconf 79' lang='lat' dir='ltr'>taetus</span> <span class='ocrx_word' id='word_1_64' title='bbox 866 1956 993 2058; x_wconf 86' lang='lat' dir='ltr'>spado.</span> <span class='ocrx_word' id='word_1_65' title='bbox 1019 1952 1198 2036; x_wconf 87' lang='lat' dir='ltr'>Dormiat</span> <span class='ocrx_word' id='word_1_66' title='bbox 1214 1951 1279 2032; x_wconf 91' lang='lat' dir='ltr'>ille</span> <span class='ocrx_word' id='word_1_67' title='bbox 1361 1975 1408 2051; x_wconf 83' lang='lat'>37</span> <span class='ocrx_word' id='word_1_68' title='bbox 1412 1977 1433 2054; x_wconf 85' lang='grc' dir='ltr'><em>ς</em></span> 
     </span>
     <span class='ocr_line' id='line_1_12' title="bbox 292 2107 1421 2220; baseline -0.011 -20"><span class='ocrx_word' id='word_1_69' title='bbox 292 2119 400 2200; x_wconf 89' lang='lat' dir='ltr'>Cum</span> <span class='ocrx_word' id='word_1_70' title='bbox 416 2115 593 2195; x_wconf 87' lang='lat' dir='ltr'>domina:</span> <span class='ocrx_word' id='word_1_71' title='bbox 619 2112 682 2195; x_wconf 83' lang='lat' dir='ltr'>sed</span> <span class='ocrx_word' id='word_1_72' title='bbox 700 2107 835 2218; x_wconf 82' lang='lat' dir='ltr'>rujam</span> <span class='ocrx_word' id='word_1_73' title='bbox 853 2111 1010 2206; x_wconf 87' lang='lat' dir='ltr'>durum,</span> <span class='ocrx_word' id='word_1_74' title='bbox 1025 2113 1245 2208; x_wconf 89' lang='lat' dir='ltr'>Posthume,</span> <span class='ocrx_word' id='word_1_75' title='bbox 1255 2110 1421 2220; x_wconf 88' lang='lat' dir='ltr'>jamque</span> 
     </span>
     <span class='ocr_line' id='line_1_13' title="bbox 293 2257 1344 2368; baseline -0.004 -24"><span class='ocrx_word' id='word_1_76' title='bbox 293 2259 560 2344; x_wconf 89' lang='lat' dir='ltr'>Tondendum</span> <span class='ocrx_word' id='word_1_77' title='bbox 575 2257 753 2368; x_wconf 82' lang='lat' dir='ltr'>eunucho</span> <span class='ocrx_word' id='word_1_78' title='bbox 769 2259 974 2342; x_wconf 88' lang='lat' dir='ltr'>Bromium</span> <span class='ocrx_word' id='word_1_79' title='bbox 991 2259 1235 2344; x_wconf 83' lang='lat' dir='ltr'>committere</span> <span class='ocrx_word' id='word_1_80' title='bbox 1252 2257 1344 2344; x_wconf 86' lang='lat' dir='ltr'>noli.</span> 
     </span>
    </p>
   </div>
   <div class='ocr_carea' id='block_1_3' title="bbox 10 2378 1070 2525">
    <p class='ocr_par' dir='ltr' id='par_1_6' title="bbox 10 2378 1070 2525">
     <span class='ocr_line' id='line_1_14' title="bbox 10 2378 1070 2525; baseline 0.021 -57"><span class='ocrx_word' id='word_1_81' title='bbox 10 2378 12 2431; x_wconf 35' lang='grc' dir='ltr'>ἶ</span> <span class='ocrx_word' id='word_1_82' title='bbox 102 2425 108 2436; x_wconf 86' lang='grc'><em>·</em></span> <span class='ocrx_word' id='word_1_83' title='bbox 171 2513 181 2525; x_wconf 33' lang='lat'><strong>·</strong></span> <span class='ocrx_word' id='word_1_84' title='bbox 295 2412 335 2491; x_wconf 85' lang='lat' dir='ltr'>Si</span> <span class='ocrx_word' id='word_1_85' title='bbox 351 2408 492 2512; x_wconf 88' lang='lat' dir='ltr'>gaudet</span> <span class='ocrx_word' id='word_1_86' title='bbox 508 2425 639 2499; x_wconf 88' lang='lat' dir='ltr'>cantu,</span> <span class='ocrx_word' id='word_1_87' title='bbox 664 2406 805 2488; x_wconf 87' lang='lat' dir='ltr'>nullius</span> <span class='ocrx_word' id='word_1_88' title='bbox 823 2403 943 2489; x_wconf 86' lang='lat' dir='ltr'>fibula</span> <span class='ocrx_word' id='word_1_89' title='bbox 958 2407 1070 2490; x_wconf 90' lang='lat' dir='ltr'>durat</span> 
     </span>
    </p>
   </div>
   <div class='ocr_carea' id='block_1_4' title="bbox 291 2551 1253 2658">
    <p class='ocr_par' dir='ltr' id='par_1_7' title="bbox 291 2551 1253 2658">
     <span class='ocr_line' id='line_1_15' title="bbox 291 2551 1253 2658; baseline -0.002 -22"><span class='ocrx_word' id='word_1_90' title='bbox 291 2555 445 2638; x_wconf 87' lang='lat' dir='ltr'>Vocem</span> <span class='ocrx_word' id='word_1_91' title='bbox 461 2551 658 2634; x_wconf 86' lang='lat' dir='ltr'>vendentis</span> <span class='ocrx_word' id='word_1_92' title='bbox 676 2552 904 2634; x_wconf 74' lang='lat' dir='ltr'>Praetoribus</span> <span class='ocrx_word' id='word_1_93' title='bbox 912 2585 926 2645; x_wconf 63' lang='grc' dir='ltr'><strong><em>ς</em></strong></span> <span class='ocrx_word' id='word_1_94' title='bbox 950 2577 1092 2655; x_wconf 85' lang='lat' dir='ltr'>organa</span> <span class='ocrx_word' id='word_1_95' title='bbox 1107 2553 1253 2658; x_wconf 88' lang='lat' dir='ltr'>semper</span> 
     </span>
    </p>
   </div>
   <div class='ocr_carea' id='block_1_5' title="bbox 294 2679 1437 2932">
    <p class='ocr_par' dir='ltr' id='par_1_8' title="bbox 294 2679 1437 2932">
     <span class='ocr_line' id='line_1_16' title="bbox 295 2679 1437 2806; baseline -0.002 -28"><span class='ocrx_word' id='word_1_96' title='bbox 295 2697 342 2778; x_wconf 83' lang='lat' dir='ltr'>ln</span> <span class='ocrx_word' id='word_1_97' title='bbox 360 2697 556 2790; x_wconf 75' lang='lat' dir='ltr'>manibus3</span> <span class='ocrx_word' id='word_1_98' title='bbox 581 2695 684 2776; x_wconf 88' lang='lat' dir='ltr'>denfi</span> <span class='ocrx_word' id='word_1_99' title='bbox 701 2695 848 2776; x_wconf 87' lang='lat' dir='ltr'>radiant</span> <span class='ocrx_word' id='word_1_100' title='bbox 863 2693 1051 2777; x_wconf 88' lang='lat' dir='ltr'>testudine</span> <span class='ocrx_word' id='word_1_101' title='bbox 1070 2679 1156 2778; x_wconf 54' lang='lat' dir='ltr'>tota&#39;</span> <span class='ocrx_word' id='word_1_102' title='bbox 1256 2797 1259 2806; x_wconf 26' lang='grc' dir='ltr'>Ι</span> <span class='ocrx_word' id='word_1_103' title='bbox 1362 2703 1437 2798; x_wconf 82' lang='lat'>380</span> 
     </span>
     <span class='ocr_line' id='line_1_17' title="bbox 294 2823 1377 2932; baseline 0.004 -22"><span class='ocrx_word' id='word_1_104' title='bbox 294 2827 576 2932; x_wconf 72' lang='lat' dir='ltr'>sardonyches:</span> <span class='ocrx_word' id='word_1_105' title='bbox 602 2825 723 2928; x_wconf 87' lang='lat' dir='ltr'>crispo</span> <span class='ocrx_word' id='word_1_106' title='bbox 740 2843 991 2910; x_wconf 85' lang='lat' dir='ltr'>numerantur</span> <span class='ocrx_word' id='word_1_107' title='bbox 1006 2829 1159 2931; x_wconf 65' lang='lat' dir='ltr'>pectine</span> <span class='ocrx_word' id='word_1_108' title='bbox 1172 2827 1339 2922; x_wconf 79' lang='lat' dir='ltr'>chordte,</span> <span class='ocrx_word' id='word_1_109' title='bbox 1373 2823 1377 2840; x_wconf 80' lang='grc'>’</span> 
     </span>
    </p>
   </div>
   <div class='ocr_carea' id='block_1_6' title="bbox 291 2949 1463 4374">
    <p class='ocr_par' dir='ltr' id='par_1_9' title="bbox 291 2949 1463 4374">
     <span class='ocr_line' id='line_1_18' title="bbox 291 2949 1463 3077; baseline 0.015 -34"><span class='ocrx_word' id='word_1_110' title='bbox 291 2973 390 3077; x_wconf 76' lang='lat' dir='ltr'>Q&gt;</span> <span class='ocrx_word' id='word_1_111' title='bbox 406 2987 514 3051; x_wconf 91' lang='lat' dir='ltr'>tener</span> <span class='ocrx_word' id='word_1_112' title='bbox 526 2949 763 3075; x_wconf 80' lang='lat' dir='ltr'>Hedymeles</span> <span class='ocrx_word' id='word_1_113' title='bbox 775 2995 931 3071; x_wconf 88' lang='lat' dir='ltr'>operam</span> <span class='ocrx_word' id='word_1_114' title='bbox 945 2970 1069 3051; x_wconf 87' lang='lat' dir='ltr'>dedit:</span> <span class='ocrx_word' id='word_1_115' title='bbox 1087 2968 1194 3056; x_wconf 89' lang='lat' dir='ltr'>hunc</span> <span class='ocrx_word' id='word_1_116' title='bbox 1206 2990 1323 3068; x_wconf 85' lang='lat' dir='ltr'>tenet,</span> <span class='ocrx_word' id='word_1_117' title='bbox 1336 2971 1412 3058; x_wconf 89' lang='lat' dir='ltr'>hoc</span> <span class='ocrx_word' id='word_1_118' title='bbox 1424 2977 1463 3059; x_wconf 84' lang='lat' dir='ltr'>so</span> 
     </span>
     <span class='ocr_line' id='line_1_19' title="bbox 294 3103 1286 3218; baseline -0.002 -20"><span class='ocrx_word' id='word_1_119' title='bbox 294 3103 458 3208; x_wconf 75' lang='lat' dir='ltr'>Solatur,</span> <span class='ocrx_word' id='word_1_120' title='bbox 482 3133 668 3218; x_wconf 84' lang='lat' dir='ltr'>gratoque</span> <span class='ocrx_word' id='word_1_121' title='bbox 684 3113 860 3218; x_wconf 87' lang='lat' dir='ltr'>indulget</span> <span class='ocrx_word' id='word_1_122' title='bbox 876 3115 974 3196; x_wconf 85' lang='lat' dir='ltr'>bafia</span> <span class='ocrx_word' id='word_1_123' title='bbox 989 3115 1147 3218; x_wconf 60' lang='lat' dir='ltr'>plectro.</span> <span class='ocrx_word' id='word_1_124' title='bbox 1284 3157 1286 3164; x_wconf 25' lang='grc' dir='ltr'><em>ψ</em></span> 
     </span>
     <span class='ocr_line' id='line_1_20' title="bbox 295 3259 1371 3373; baseline -0.002 -29"><span class='ocrx_word' id='word_1_125' title='bbox 295 3260 486 3373; x_wconf 82' lang='lat' dir='ltr'>Qaedam</span> <span class='ocrx_word' id='word_1_126' title='bbox 504 3260 552 3341; x_wconf 88' lang='lat' dir='ltr'>de</span> <span class='ocrx_word' id='word_1_127' title='bbox 567 3285 731 3344; x_wconf 89' lang='lat' dir='ltr'>numero</span> <span class='ocrx_word' id='word_1_128' title='bbox 748 3259 987 3353; x_wconf 86' lang='lat' dir='ltr'>Lamiarum,</span> <span class='ocrx_word' id='word_1_129' title='bbox 1014 3287 1057 3342; x_wconf 83' lang='lat' dir='ltr'>ac</span> <span class='ocrx_word' id='word_1_130' title='bbox 1075 3261 1244 3343; x_wconf 89' lang='lat' dir='ltr'>nominis</span> <span class='ocrx_word' id='word_1_131' title='bbox 1263 3261 1371 3364; x_wconf 86' lang='lat' dir='ltr'>Appi</span> 
     </span>
     <span class='ocr_line' id='line_1_21' title="bbox 296 3402 1436 3514; baseline 0.002 -27"><span class='ocrx_word' id='word_1_132' title='bbox 296 3405 405 3490; x_wconf 89' lang='lat' dir='ltr'>Cum</span> <span class='ocrx_word' id='word_1_133' title='bbox 421 3402 517 3488; x_wconf 87' lang='lat' dir='ltr'>farre</span> <span class='ocrx_word' id='word_1_134' title='bbox 533 3420 572 3482; x_wconf 91' lang='lat' dir='ltr'>et</span> <span class='ocrx_word' id='word_1_135' title='bbox 588 3403 676 3483; x_wconf 89' lang='lat' dir='ltr'>vino</span> <span class='ocrx_word' id='word_1_136' title='bbox 693 3403 851 3509; x_wconf 85' lang='lat' dir='ltr'>Janum,</span> <span class='ocrx_word' id='word_1_137' title='bbox 870 3402 1104 3508; x_wconf 88' lang='lat' dir='ltr'>Vestamque</span> <span class='ocrx_word' id='word_1_138' title='bbox 1122 3407 1292 3508; x_wconf 71' lang='lat' dir='ltr'>rogabat,</span> <span class='ocrx_word' id='word_1_139' title='bbox 1363 3415 1436 3514; x_wconf 82' lang='lat'>385</span> 
     </span>
     <span class='ocr_line' id='line_1_22' title="bbox 294 3539 1339 3654; baseline 0.003 -21"><span class='ocrx_word' id='word_1_140' title='bbox 294 3551 361 3633; x_wconf 89' lang='lat' dir='ltr'>An</span> <span class='ocrx_word' id='word_1_141' title='bbox 378 3549 640 3650; x_wconf 79' lang='lat' dir='ltr'>Capitolinam</span> <span class='ocrx_word' id='word_1_142' title='bbox 656 3547 810 3632; x_wconf 89' lang='lat' dir='ltr'>deberet</span> <span class='ocrx_word' id='word_1_143' title='bbox 822 3549 949 3638; x_wconf 72' lang='lat' dir='ltr'>‚Pollio</span> <span class='ocrx_word' id='word_1_144' title='bbox 966 3578 1155 3654; x_wconf 88' lang='lat' dir='ltr'>quercum</span> <span class='ocrx_word' id='word_1_145' title='bbox 1337 3539 1339 3548; x_wconf 49' lang='grc'><em>’</em></span> 
     </span>
     <span class='ocr_line' id='line_1_23' title="bbox 296 3669 1454 3804; baseline 0.008 -32"><span class='ocrx_word' id='word_1_146' title='bbox 296 3694 465 3796; x_wconf 85' lang='lat' dir='ltr'>Sperare,</span> <span class='ocrx_word' id='word_1_147' title='bbox 483 3710 521 3771; x_wconf 90' lang='lat' dir='ltr'>et</span> <span class='ocrx_word' id='word_1_148' title='bbox 535 3669 675 3780; x_wconf 80' lang='lat' dir='ltr'>fidibus</span> <span class='ocrx_word' id='word_1_149' title='bbox 692 3693 930 3794; x_wconf 88' lang='lat' dir='ltr'>promittere.</span> <span class='ocrx_word' id='word_1_150' title='bbox 972 3697 1082 3802; x_wconf 83' lang='lat' dir='ltr'>Qid</span> <span class='ocrx_word' id='word_1_151' title='bbox 1104 3696 1244 3781; x_wconf 87' lang='lat' dir='ltr'>faceret</span> <span class='ocrx_word' id='word_1_152' title='bbox 1260 3698 1362 3804; x_wconf 79' lang='lat' dir='ltr'>plus,</span> <span class='ocrx_word' id='word_1_153' title='bbox 1451 3765 1454 3771; x_wconf 81' lang='grc'>.</span> 
     </span>
     <span class='ocr_line' id='line_1_24' title="bbox 295 3831 1377 3946; baseline 0.009 -29"><span class='ocrx_word' id='word_1_154' title='bbox 295 3831 522 3939; x_wconf 78' lang='lat' dir='ltr'>AEgrotante</span> <span class='ocrx_word' id='word_1_155' title='bbox 537 3838 640 3926; x_wconf 87' lang='lat' dir='ltr'>viro?</span> <span class='ocrx_word' id='word_1_156' title='bbox 668 3839 826 3926; x_wconf 82' lang='lat' dir='ltr'>medicis</span> <span class='ocrx_word' id='word_1_157' title='bbox 842 3843 936 3943; x_wconf 91' lang='lat' dir='ltr'>quid</span> <span class='ocrx_word' id='word_1_158' title='bbox 953 3843 1120 3924; x_wconf 88' lang='lat' dir='ltr'>tristibus</span> <span class='ocrx_word' id='word_1_159' title='bbox 1136 3873 1226 3946; x_wconf 85' lang='lat' dir='ltr'>erga</span> <span class='ocrx_word' id='word_1_160' title='bbox 1374 3866 1377 3874; x_wconf 87' lang='lat'>&#39;</span> 
     </span>
     <span class='ocr_line' id='line_1_25' title="bbox 294 3962 1411 4092; baseline 0.01 -25"><span class='ocrx_word' id='word_1_161' title='bbox 294 3962 506 4068; x_wconf 86' lang='lat' dir='ltr'>Filiolum?</span> <span class='ocrx_word' id='word_1_162' title='bbox 532 3982 634 4063; x_wconf 90' lang='lat' dir='ltr'>stetit</span> <span class='ocrx_word' id='word_1_163' title='bbox 651 4000 738 4065; x_wconf 87' lang='lat' dir='ltr'>ante</span> <span class='ocrx_word' id='word_1_164' title='bbox 755 4011 872 4077; x_wconf 87' lang='lat' dir='ltr'>aram,</span> <span class='ocrx_word' id='word_1_165' title='bbox 899 4012 969 4066; x_wconf 90' lang='lat' dir='ltr'>noc</span> <span class='ocrx_word' id='word_1_166' title='bbox 989 4004 1100 4090; x_wconf 89' lang='lat' dir='ltr'>turpe</span> <span class='ocrx_word' id='word_1_167' title='bbox 1115 3995 1266 4092; x_wconf 87' lang='lat' dir='ltr'>putavit</span> <span class='ocrx_word' id='word_1_168' title='bbox 1407 4023 1411 4032; x_wconf 83' lang='grc'><strong><em>’</em></strong></span> 
     </span>
     <span class='ocr_line' id='line_1_26' title="bbox 294 4106 1440 4245; baseline 0.008 -34"><span class='ocrx_word' id='word_1_169' title='bbox 294 4125 371 4211; x_wconf 88' lang='lat' dir='ltr'>Pro</span> <span class='ocrx_word' id='word_1_170' title='bbox 389 4125 533 4220; x_wconf 83' lang='lat' dir='ltr'>cithara</span> <span class='ocrx_word' id='word_1_171' title='bbox 550 4106 670 4208; x_wconf 75' lang='lat' dir='ltr'>velare</span> <span class='ocrx_word' id='word_1_172' title='bbox 686 4146 801 4233; x_wconf 88' lang='lat' dir='ltr'>caput</span> <span class='ocrx_word' id='word_1_173' title='bbox 807 4163 821 4224; x_wconf 80' lang='lat'>3</span> <span class='ocrx_word' id='word_1_174' title='bbox 848 4111 1071 4245; x_wconf 62' lang='lat' dir='ltr'>dictataque</span> <span class='ocrx_word' id='word_1_175' title='bbox 1081 4131 1194 4222; x_wconf 75' lang='lat' dir='ltr'>verba</span> <span class='ocrx_word' id='word_1_176' title='bbox 1322 4161 1324 4164; x_wconf 89' lang='grc'><strong><em>·</em></strong></span> <span class='ocrx_word' id='word_1_177' title='bbox 1365 4166 1440 4241; x_wconf 79' lang='lat'>390</span> 
     </span>
     <span class='ocr_line' id='line_1_27' title="bbox 997 4285 1440 4374; baseline 0.002 -4"><span class='ocrx_word' id='word_1_178' title='bbox 997 4301 1004 4314; x_wconf 91' lang='grc'><em>·</em></span> <span class='ocrx_word' id='word_1_179' title='bbox 1126 4322 1131 4333; x_wconf 94' lang='grc'><strong><em>·</em></strong></span> <span class='ocrx_word' id='word_1_180' title='bbox 1198 4307 1225 4334; x_wconf 70' lang='lat'><strong>²</strong></span> <span class='ocrx_word' id='word_1_181' title='bbox 1342 4285 1440 4374; x_wconf 85' lang='lat' dir='ltr'>Pro·</span> 
     </span>
    </p>
   </div>
   <div class='ocr_carea' id='block_1_7' title="bbox 0 0 1676 5333">
    <p class='ocr_par' dir='ltr' id='par_1_10' title="bbox 0 0 1676 5333">
     <span class='ocr_line' id='line_1_28' title="bbox 0 0 1676 5333; baseline 0 0"><span class='ocrx_word' id='word_1_182' title='bbox 0 0 1676 5333; x_wconf 95' lang='lat' dir='ltr'> </span> 
     </span>
    </p>
   </div>
  </div>
 </body>
</html>
