3342 5334
405 402 1070 550 ‚JunsnrnrsSarrnA-Vs.
1260 413 1358 518 Ιδι’

184 645 311 729 Altior
331 643 396 726 hic
415 643 534 745 quare,
548 637 768 720 cincinnus?
795 637 1053 738 taureapunit
1168 663 1171 668 ·

146 851 150 856 -
184 796 381 878 Continuo
395 790 483 872 flexi
499 789 647 870 crimen
660 784 883 886 facinusque
898 785 1040 886 capilli.

73 1014 75 1016 -
153 973 156 979 ·
183 946 292 1053 Quid
304 941 433 1024 Psecas
451 933 635 1016 admisit?
649 958 829 1035 quaenarn
844 929 897 1010 est
912 929 978 1010 hic
993 929 1110 1033 culpa·
1122 933 1272 1034 puellas,
1320 931 1324 936 ’

182 1097 223 1176 Si
241 1093 314 1174 tibi
332 1085 521 1190 displicuit
537 1079 643 1160 nasus
659 1074 772 1158 tuus'?
797 1075 912 1154 altera
924 1072 1076 1156 l‘as'vut‘n¹
1098 1077 1101 1082 ’

182 1235 381 1326 Extendit,
398 1229 601 1363 pestisque
614 1249 757 1342 comas,
783 1221 821 1300 et
833 1217 951 1300 volvit
967 1221 1009 1299 in
1025 1213 1190 1306 orbem.¹
1226 1224 1295 1327 ‘49
1304 1248 1323 1324 ς

182 1385 252 1466 Est
272 1384 313 1462 in
329 1376 484 1462 consrlio
500 1391 687 1460 matrona,
709 1366 941 1467 admotaque
956 1364 1068 1446 lanis¹

181 1527 356 1612 Emerita
372 1548 457 1624 quaa
472 1515 584 1600 cessat
599 1540 670 1592 acu
685 1539 695 1591 :
721 1507 905 1591 sententia
919 1508 1045 1609 prima

182 1679 311 1784 Hujus
329 1675 419 1762 erin
445 1667 529 1770 post
545 1665 643 1744 hanc
658 1678 780 1751 aetate,
804 1676 918 1758 atque
935 1673 1014 1736 arte
1029 1657 1198 1745 minores
1218 1657 1221 1671 '
1270 1722 1271 1726 a
1306 1721 1309 1730 .

182 1823 416 1910 Censebunt,
434 1833 619 1914 tanquam
633 1805 746 1887 samae
762 1801 963 1884 discrimen
979 1821 1125 1902 agatur,
1150 1871 1153 1877 .
1189 1833 1192 1842 ¹
1248 1871 1251 1876 .
1347 1814 1349 1817 ’

182 1977 265 2058 Aut
281 1970 437 2053 anime:
463 1969 569 2041 tanta
585 1953 638 2034 est
654 1948 847 2052 quaerendi
865 1975 955 2028 cura
971 1946 1131 2031 decoris.
1248 1976 1324 2058 500·
1364 1981 1367 1986 ·

62 2158 65 2168 ·
181 2123 266 2204 Tot
283 2112 423 2220 premit
438 2103 647 2192 ordinibus,
672 2114 731 2178 tot
749 2091 876 2174 adhuc
890 2093 1154 2197 compagibus,
1167 2091 1295 2183 altum
1311 2129 1323 2172 .·,

181 2263 363 2348 AEdificat
376 2271 504 2356 caput,
530 2237 828 2328 Andromachen
849 2236 1014 2318 afronte
1028 2239 1188 2336 videbis,
1261 2239 1306 2316 1

179 2401 270 2484 Post
287 2396 413 2479 minor
431 2386 504 2468 est:
522 2377 658 2464 'credas
674 2374 800 2454 aliam.
839 2369 959 2464 Cedo,
984 2371 1012 2452 fi
1028 2371 1140 2454 breve
1154 2380 1261 2480 parvi
1286 2385 1291 2464 f
1321 2389 1325 2394 '

182 2547 320 2632 Sortita
335 2541 388 2624 est
400 2531 526 2618 lateris
544 2525 720 2631 spatium,
744 2518 968 2618 breviorque
984 2517 1133 2602 videtur

61 2799 63 2803 Ι
103 2709 105 2712 ’
180 2695 342 2796 Virgine
359 2688 548 2789 Pygmaea,
573 2673 685 2756 nullis
702 2665 829 2772 adjuta
847 2649 1068 2759 cothurnis3
1188 2687 1192 2692 ·
1248 2697 1317 2775 505

180 2843 234 2922 Et
251 2840 342 2922 levis
358 2835 481 2916 eresta
495 2815 754 2923 consurgitad
768 2812 894 2894 oscula
907 2811 1051 2916 planta.
1114 2863 1117 2868 ·
1166 2831 1168 2838 ·

179 2985 301 3068 Nulla
312 2980 383 3062 viri
398 3002 487 3058 cura
503 2973 659 3056 interea,
686 2966 756 3042 nec
773 2957 920 3046 mentio
937 2953 1004 3035 fiet
1072 3033 1076 3046 ἶ

179 3135 448 3215 Damnatum:
474 3117 568 3198 vivit
584 3132 768 3212 tanquam
779 3104 905 3184 vicina
919 3101 1046 3182 mariti
1053 3135 1068 3192 ς
1190 3201 1194 3208 ἱ

169 3275 271 3361 Hoc
287 3271 364 3352 solo
380 3265 546 3371 propior,
572 3255 677 3360 quod
693 3250 837 3334 amicos
856 3242 1028 3348 conjugis
1047 3241 1146 3334 odit,
1247 3320 1248 3324 Ν
1320 3263 1322 3270 ·

121 3389 123 3398 ¹
179 3425 233 3504 Et
245 3421 389 3506 servom
416 3408 537 3512 gravis
554 3403 607 3483 est
622 3395 842 3482 rationibus.
868 3385 970 3470 Ecce
986 3353 1188 3468 furentis*¹
1249 3413 1319 3488 510

178 3564 355 3651 Bellona,
381 3552 583 3650 matrisque
600 3541 731 3641 Debm
748 3537 886 3618 chorus
905 3533 1039 3622 intrat,
1066 3547 1107 3608 et
1122 3528 1254 3628 ingens

179 3692 354 3782 Semivir,
377 3686 556 3766 obscoeno
573 3678 685 3770 facies
703 3668 902 3754 reverenda
919 3661 1072 3754 minori,
1195 3753 1196 3756 Ν

179 3826 319 3908 Mollia
335 3821 402 3926 qui
418 3833 529 3919 rupta
544 3810 662 3892 secuit
679 3801 858 3906 genitalia
874 3797 967 3878 testa

178 3971 432 4087 Jampridena,
453 3965 518 4046 cui
533 3985 646 4042 rauca
663 3953 812 4066 cohors,
838 3947 901 4028 cui
916 3963 1098 4046 tympana
1113 3903 1323 4022 cedunt
1321 3993 1324 3998 -

180 4123 345 4217 Plebeia,
372 4112 587 4217 etPhrygia
602 4107 756 4192 vestitur
773 4099 895 4180 bucca
911 4094 1017 4176 tiara.
1251 4112 1319 4187 515

1117 4294 1120 4302 ι
1167 4233 1323 4317 Grande
