3350 5336
279 479 392 550 1022
535 449 866 584 Ju'vu'nnnra
898 447 1114 546 Sarute
1150 441 1220 576 Χὶ,

270 669 330 751 Ut
345 669 470 774 pueris
486 663 648 773 piaceae',
672 685 712 750 et
726 665 1049 750 declamationes.

272 816 387 897 Unus
404 815 543 901 Pellaeo
551 813 687 916 juveni
702 843 779 896 non
795 815 932 896 sufficit
947 813 1053 897 orbis
1065 841 1083 897 r

271 953 423 1038 AEstuat
438 951 574 1036 infelix
589 953 748 1056 angusto
762 953 887 1036 limite
901 951 1054 1046 mundi,

273 1097 335 1180 Ut
350 1095 488 1202 Gyarae
501 1095 649 1178 clausus
665 1095 839 1202 scopulis,
864 1121 1056 1202 parvaque
1072 1083 1247 1202 Seripfio.
1348 1121 1423 1198 170
1439 1089 1443 1164 Ϊ

274 1241 384 1322 Cum
400 1256 528 1320 tamen
545 1265 567 1318 a
582 1235 708 1342 figulis
723 1237 919 1324 munitam
933 1237 1128 1320 intraverit
1144 1234 1295 1330 urbem,
1440 1271 1443 1280 ·

277 1380 519 1486 Sarcophagn
536 1397 738 1464 contentus
754 1381 840 1462 erit.
888 1377 1001 1462 More
1017 1377 1095 1462 sola
1108 1377 1250 1462 fatetur

278 1521 477 1630 Qantula
491 1521 564 1602 fint
579 1521 786 1604 hominum
801 1518 1038 1626 corpuscula.
1086 1521 1268 1606 Creditur
1281 1521 1381 1608 olim
1436 1529 1440 1538 ’

277 1665 500 1750 velificatus
517 1665 656 1760 Athos,
681 1684 722 1749 et
740 1664 941 1774 (quicquid
957 1667 1109 1752 Gracia
1123 1667 1293 1752 mendax

197 1841 201 1856 '
279 1829 412 1912 Audet
427 1831 467 1910 in
483 1827 652 1922 historia)
669 1825 902 1910 constratum
920 1825 1092 1910 claflibua
1108 1825 1243 1922 isdem,
1351 1849 1424 1938 ιτς

277 1972 599 2080 Suppofitumque
611 1975 703 2057 rotis
719 1972 883 2054 solidum
900 1999 1018 2058 mare.
1069 1973 1273 2062 Credimus
1289 1975 1385 2058 aiter

278 2118 469 2208 Defeciii'e
484 2147 629 2215 amnes,
653 2139 840 2226 epotaque
854 2117 1016 2202 flumina
1031 2117 1159 2206 Medo
1251 2179 1254 2188 ,
1433 2117 1440 2136 '

279 2261 571 2364 Prandente-et
585 2267 749 2353 madidis
765 2275 896 2349 cantat
909 2291 996 2372 qua
1011 2263 1199 2354 nostrane
1214 2259 1297 2351 atis.
1389 2317 1394 2336 ι
1432 2259 1436 2264 ’

280 2411 351 2492 Ille
369 2431 498 2498 tamen
516 2416 637 2519 quadis
654 2415 778 2510 rediit,
804 2413 993 2498 Salamine
1007 2409 1151 2510 retina,
1416 2407 1420 2412 ’

281 2562 330 2644 Iu
345 2555 612 2668 corumatque
628 2591 765 2648 eurum
782 2563 915 2646 solitus
929 2559 1053 2644 saevire
1068 2561 1226 2665 flagellis
1260 2587 1264 2606 ·
1354 2571 1433 2648 πῦο-

279 2703 480 2802 Batbarus,
495 2705 634 2788 ·AEoiio
650 2733 850 2814 nunquam
865 2705 941 2788 hoc
958 2707 1000 2787 in
1016 2733 1166 2790 earcere
1180 2707 1318 2816 paffna,

227 2856 231 2869 ¹
280 2849 414 2953 Ipsum
427 2851 677 2958 compedibus
694 2854 763 2956 qui
778 2853 948 2936 vinxerat
963 2851 1257 2959 Ennofigaeum?

280 2993 421 3076 Mitius
437 2993 478 3077 id
492 2995 590 3092 sane,
615 2995 721 3100 qued
739 3023 816 3078 non
834 3014 874 3078 et
887 2995 1063 3100 stigmate
1079 2996 1241 3100 dignum

148 3239 150 3246 y
280 3133 455 3218 Credidit
459 3170 472 3229 r
489 3135 581 3220 huic
597 3127 796 3244 qnisquar'n
812 3137 924 3222 vellet
938 3137 1071 3223 servire
1085 3135 1289 3220 Deorum?

281 3281 356 3364 sed
371 3286 495 3389 qualia
512 3285 648 3371 rediit?
674 3314 814 3394 nempe
830 3315 907 3370 una
921 3313 1028 3376 nave,
1053 3287 1221 3370 cruentis
1354 3289 1428 3390 185

279 3423 493 3524 Fluctibus,
519 3457 564 3514 ac
580 3427 687 3514 tarda
700 3455 768 3530 per
784 3429 895 3512 densa
910 3428 1088 3510 cadavera
1103 3455 1229 3530 prora.
1428 3429 1432 3441 '

278 3568 367 3652 Has
383 3553 495 3654 totiea
510 3592 640 3680 optata
651 3594 777 3676 exegit
794 3575 916 3677 gloria
928 3601 1075 3698 paenae.
1360 3565 1361 3570 ‘
1421 3549 1426 3588 ³

277 3706 346 3792 Da
359 3709 524 3814 spatium
540 3717 644 3810 vita,
666 3715 810 3797 multos
826 3717 877 3797 da
891 3715 1044 3820 Jupiter
1059 3741 1202 3800 ennoea

169 3906 175 3926 ,
278 3847 373 3966 Hoc
389 3857 493 3938 tedio
508 3858 618 3942 vultu
635 3857 772 3952 solum,
796 3857 872 3947 hoc
891 3877 932 3942 et
946 3845 1121 3963 pallidus,
1145 3873 1267 3959 optas..
1378 3895 1381 3900 ·
1426 3935 1430 3942 .

278 3993 355 4081 Sed
372 4021 489 4100 quarn
505 4000 695 4092 continuis
714 4021 754 4083 et
769 4005 921 4108 quartia
935 4003 1052 4109 ionga
1066 4001 1237 4086 senestue
1354 4027 1429 4103 ¹90

278 4135 397 4226 Plena
406 4143 540 4262 maiis!
559 4145 806 4257 Deformem,
820 4145 1018 4242 eatetru'na
1030 4165 1118 4235 ante
1129 4145 1260 4249 omnia
1270 4145 1431 4236 vultum

1326 4288 1418 4378 Dis·
1478 4359 1482 4380 .
