3342 5334
307 421 373 544 [6
549 417 871 558 ῙυνεΝΑιῐέ
911 421 1119 522 Servon
1143 427 1215 523 ΙΙΙ.

296 625 377 718 Res
393 633 509 718 hodie
525 639 653 720 minor
670 637 736 734 est,
752 637 845 722 here
862 641 1078 746 quamfuit,
1089 669 1133 724 ac
1144 643 1280 724 eadem
1295 659 1377 724 crat

297 781 459 892 Deteret
473 784 628 888 exiguis.
639 785 807 890 aliquidr
824 790 1079 892 proponimus
1092 789 1190 879 illuc

191 989 195 998 s
295 911 1088 1034 ne,fatigatnuurnaemusex'utnas:
1394 958 1441 1040 25

295 1073 410 1156 Dum
425 1102 525 1156 nova
537 1075 708 1171 canities,
725 1077 820 1160 dum
835 1078 974 1180 prima,
985 1095 1024 1162 et
1036 1081 1137 1160 moa
1148 1077 1331 1192 seneclus,

295 1219 410 1325 Dum
425 1222 586 1328 superest
601 1221 759 1306 Lachesi
777 1224 882 1326 quod
899 1241 1088 1328 torqueat,
1105 1243 1144 1307 et
1160 1225 1323 1330 pedibus
1337 1249 1403 1328 me

294 1367 413 1452 Porto
427 1371 539 1469 meis,
555 1369 663 1452 nullo
681 1371 859 1452 dextram
870 1371 1053 1456 subeunte
1068 1371 1220 1454 bacillo.

71 1613 74 1622 Ι
158 1549 161 1555 ,
252 1515 489 1620 'cedmius
501 1519 649 1622 patrii:
676 1517 999 1602 vivantArturius
1016 1519 1114 1613 istic,

293 1664 353 1750 Et
365 1667 550 1770 Catulus:
566 1684 748 1760 maneant
759 1666 829 1772 qui
840 1666 997 1770 nigrum
1009 1670 1050 1748 in
1063 1668 1402 1763 candidavemmt,

294 1813 418 1922 Qir
432 1813 545 1896 facile
560 1811 613 1895 est
632 1814 754 1896 aedem
768 1811 997 1908 conducere,
1020 1813 1195 1907 flumina,
1218 1834 1365 1918 portus,
1394 1843 1438 1918 31

296 1965 520 2087 siccandam
531 1965 712 2059 eluviem,
729 1965 961 2068 portandum
974 1965 1024 2048 ad
1040 1966 1150 2048 busta
1159 1967 1333 2066 cadaver,
1499 1949 1504 1954 ’

293 2115 350 2196 Et
364 2111 532 2215 praebere
546 2131 662 2218 caput
678 2099 837 2195 domina
852 2111 982 2195 venale
998 2111 1066 2196 sub
1081 2109 1202 2194 hasta.

294 2261 508 2371 Qondam
523 2261 567 2342 hi
581 2262 806 2358 cornicines,
822 2281 862 2346 et
877 2261 1118 2364 municipalis
1136 2289 1257 2344 arenae

294 2410 476 2514 Perpetui
491 2411 665 2510 comites,
683 2429 859 2516 notaeque
873 2441 942 2518 per
960 2409 1102 2515 oppida
1115 2407 1262 2506 buccae,
1394 2433 1443 2518 35

294 2560 464 2661 Munera
478 2589 582 2644 nunc
599 2561 732 2657 edunt,
754 2579 793 2644 et
817 2564 921 2646 verso
936 2563 1075 2666 pollice
1090 2539 1197 2664 vulgi

296 2709 524 2817 Qemlibet
535 2712 717 2794 occidunt
727 2712 981 2814 populariter:
1005 2709 1095 2792 inde
1107 2709 1240 2792 reverfi

295 2861 532 2942 Conducunt
550 2858 701 2942 foriens.
733 2859 788 2940 Et
811 2886 882 2939 cur
898 2886 977 2941 non
992 2858 1152 2939 omnia?
1178 2857 1283 2938 Cum
1296 2854 1368 2938 lint
1504 2905 1509 2910 ,

297 3011 441 3116 Qales
458 3037 506 3093 ex
520 3004 663 3093 humili
674 3035 815 3109 magna
827 3007 875 3088 ad
891 3006 1042 3110 fastigia
1056 3032 1186 3090 rerum

294 3159 471 3253 Extollit,
488 3161 640 3263 quoties
651 3158 772 3240 voluit
783 3161 956 3242 Fortuna
964 3155 1100 3262 jocari.
1132 3209 1136 3216 ·
1395 3183 1446 3254 40

297 3306 405 3413 Qid
422 3307 560 3388 Romae
576 3306 742 3398 faciam?
768 3309 925 3390 mentiri
940 3307 1085 3390 nescio:
1101 3307 1260 3399 librum,

297 3455 337 3536 si
353 3457 476 3538 malus
492 3457 560 3550 est,
577 3483 726 3559 nequeo
738 3457 904 3551 laudare,
922 3475 961 3536 et
977 3455 1148 3560 poscere:
1175 3472 1305 3536 motor

296 3603 499 3685 Astrorum
511 3607 668 3706 ignoro:
695 3603 812 3686 funus
830 3604 1053 3707 promittere
1070 3605 1196 3706 patris·

295 3751 385 3834 Nec
401 3752 503 3845 volo,
520 3750 774 3854 necpoffum:
800 3779 980 3832 ranarum
995 3751 1132 3832 viscera
1148 3773 1365 3850 numquam

296 3902 471 4006 Inspexi:
505 3899 602 3982 ferre
621 3901 668 3982 ad
685 3918 860 4004 nuptam,
878 3927 963 4004 quae
981 3899 1105 3980 mittit
1123 3898 1281 3990 adulter,
1399 3920 1448 3996 45

297 4047 398 4156 Qae
414 4049 586 4140 mandat,
604 4047 747 4129 norunt
765 4048 852 4129 alii:
875 4075 940 4127 me
957 4075 1072 4145 nemo
1088 4043 1262 4129 ministro

298 4191 380 4278 Fur
396 4193 495 4292 erit3
521 4211 634 4299 atque
650 4191 738 4276 ideo
756 4191 855 4276 nulli
871 4219 1005 4276 comes
1022 4217 1130 4310 exeo,
1144 4209 1330 4300 tanquam
1440 4289 1450 4299 ⁸

1328 4331 1451 4416 Man·
