3354 5344
132 379 141 390 ’
263 387 362 508 184
590 387 789 488 Panstr
830 389 1042 486 Sn‘rrnn
1078 403 1131 488 V.

257 603 437 712 Qaeque
454 585 645 708 sequenda
661 603 801 700 forent,
819 625 859 693 et
882 632 969 713 qua
984 610 1138 692 vitanda
1154 606 1348 709 viciss1m3·

256 752 330 836 Illa
346 757 452 860 prius
470 774 586 852 creta,
604 775 698 838 mox
713 755 797 838 haec
813 758 990 853 carbone,
1010 759 1171 842 notasti?

258 899 313 980 Es
329 899 506 982 modicus
524 901 618 993 voti,
634 899 757 1003 presso
770 900 861 995 late,
878 901 1000 984 dulcis
1017 901 1179 984 amicis?

258 1043 349 1148 Jatu
364 1073 470 1128 nunc
486 1031 704 1146 adstring'as,
717 1041 803 1148 jam
820 1067 924 1128 nunc
941 1048 1113 1149 granaria
1127 1047 1243 1140 laxes,
1338 1071 1416 1127 110

259 1191 386 1296 Inque
402 1193 487 1274 luto
504 1191 628 1274 fixum
644 1191 755 1296 pollis
772 1191 1030 1274 transcendere
1052 1221 1262 1276 nummum
1272 1227 1286 1287 3
1314 1239 1316 1242 ·

258 1333 347 1420 Nec
365 1338 492 1440 glutto
508 1337 658 1418 sorbere
672 1334 826 1419 salivam
843 1335 1144 1420 Mercurialem?

260 1485 359 1568 Haec
377 1511 464 1566 mea
479 1483 577 1576 sunt,
596 1499 722 1574 teneo,
743 1507 837 1560 cum
855 1507 941 1560 vere
957 1480 1097 1563 dixeris
1102 1518 1115 1578 3
1133 1483 1212 1564 esto

260 1629 458 1733 Liberque
473 1645 518 1708 ac
533 1623 693 1728 sapiens,
711 1623 934 1724 praetoribus
951 1650 994 1704 ac
1013 1625 1109 1728 Jove
1126 1626 1274 1710 dextro.

262 1775 331 1856 Sin
349 1792 407 1868 tu,
426 1797 520 1854 cum
536 1767 653 1852 fueris
670 1767 804 1849 nostrae
820 1767 936 1870 paulo
953 1788 1040 1850 ante
1055 1769 1200 1868 sarinae,
1343 1803 1382 1854 rr
1390 1801 1416 1880 5
1452 1881 1458 1888 Ι

261 1919 489 2004 Pelliculam
507 1935 676 1998 veterem
695 1915 846 2010 retines,
864 1934 903 1996 et
918 1915 1046 1998 fronte
1061 1922 1202 2022 politus
1254 1969 1258 1976 ·
1431 1883 1442 1898 ⁸

259 2067 440 2150 Asturam
457 2062 595 2168 vapido
612 2061 729 2144 servas
747 2062 815 2143 sub
831 2066 983 2168 pectore
996 2065 1151 2168 vulpem
1161 2096 1175 2162 3

263 2217 364 2322 Qae
380 2212 559 2294 dederam
578 2211 700 2314 supru3
720 2230 863 2314 repeto,
883 2208 1097 2316 funemque
1113 2214 1265 2296 reduco.

262 2360 336 2442 Nil
352 2360 424 2442 tibi
442 2359 621 2442 concesfit
636 2361 756 2440 ratio:
773 2359 944 2462 digitum
963 2388 1087 2454 exere,
1105 2376 1252 2464 peccas,
1295 2424 1301 2434 t

264 2509 321 2597 Et
334 2509 433 2614 quid
450 2527 531 2591 tam
547 2529 709 2612 parvum
724 2505 800 2588 est?
821 2507 883 2587 sed
899 2507 1007 2590 nullo
1024 2508 1138 2592 thure
1155 2509 1298 2604 litabis,'
1344 2541 1418 2594 120

262 2661 421 2742 Haereat
437 2657 479 2738 in
495 2655 616 2736 stultis
634 2655 757 2736 brevis
775 2675 819 2736 ut
836 2655 1030 2737 semuncia
1047 2659 1153 2739 redii.
1392 2653 1396 2659 ’

264 2805 365 2886 Haec
383 2802 540 2883 miscere
556 2799 660 2882 nefas
670 2837 683 2894 3
705 2827 777 2882 nec
793 2821 886 2882 cunt
902 2801 947 2882 fis
965 2821 1102 2884 caetera
1116 2803 1243 2899 fossor,
1308 2811 1315 2847 ’·

265 2953 366 3032 Tres
380 2969 535 3034 tantum
552 2952 600 3032 ad
617 2977 799 3032 numeros
817 2951 927 3054 satyri
944 2978 1119 3034 moveare
1136 2953 1316 3056 Bathylli.
1437 2947 1460 3012 ’-

119 3121 122 3128 ·
265 3093 385 3176 Liber
400 3123 485 3198 ego.
513 3095 628 3176 Unde
645 3093 779 3174 datum
795 3093 871 3176 hoc
888 3095 1018 3188 sumis,
1037 3115 1096 3176 tot
1112 3097 1260 3194 subdite
1278 3097 1418 3180 rebus?

265 3247 332 3328 An
343 3246 555 3328 dominum
571 3246 735 3353 ignoras,
754 3242 822 3324 nisi
841 3264 960 3347 quem
975 3245 1140 3326 vindidla
1155 3248 1316 3329 relaxat?
1348 3275 1416 3355 125

92 3357 1180 3510 ,mmfflfflmmm

211 3646 214 3654 Α
267 3547 309 3626 Si
326 3548 530 3650 increpuit,
547 3544 674 3638 cessas,
691 3545 880 3646 nugator?
900 3543 1097 3626 servitium
1108 3572 1198 3627 acre
1256 3577 1258 3582 ’

268 3694 310 3773 T
312 3722 333 3772 e
350 3693 447 3774 nihil
464 3681 654 3794 impellit?
685 3719 756 3770 nec
773 3692 983 3796 quicquam
1001 3687 1376 3806 ertrinsecm'intrat,

267 3838 388 3946 Qd
404 3836 700 3938 nervosagiteti
730 3829 792 3916 sed
808 3837 835 3916 fi
852 3839 954 3918 intus
976 3856 1015 3919 et
1032 3841 1071 3919 in
1082 3837 1212 3944 jecore
1229 3867 1329 3942 aegro

266 3978 488 4074 Nascuntur
496 3981 664 4078 domini,
680 3985 750 4088 qul
769 4003 811 4065 tu
829 3986 1060 4089 impunitior
1077 3988 1170 4082 exis,
1349 4021 1363 4068 r
1371 4019 1420 4092 30

268 4136 400 4238 Atque
410 4133 487 4228 hic,
503 4159 622 4236 quem
635 4131 682 4213 ad
697 4131 853 4247 strigiles
867 4135 1008 4218 scutica
1020 4155 1058 4218 et
1069 4156 1194 4219 metus
1207 4137 1285 4240 egit
1296 4134 1443 4226 herilis?

898 4291 909 4312 '
1306 4288 1443 4382 Mane,
