3354 5344
123 443 125 454 ’
231 458 311 494 ’·
432 433 1036 550 1ῬειιειιεΑἰἮιΑΙΙΙ.
1227 466 1330 578 -173

189 661 285 756 llus
302 666 461 773 aliquis
475 639 652 750 nemon’?
677 639 857 770 turgescit
870 667 990 748 vitrea
1004 663 1115 747 bilis:

189 807 392 904 Finditur:
417 815 590 898 Arcadiae
607 813 781 918 pecuaria
796 812 929 894 rudere
944 811 1088 896 credas.

189 965 282 1072 Jam
294 966 406 1059 liber,
421 981 461 1045 et
477 960 622 1044 bicolor
637 961 764 1067 positis
780 960 1003 1047 membrana
1017 957 1176 1065 capillis,
1290 991 1336 1043 ιο

189 1110 313 1215 Inque
329 1135 465 1190 manus
482 1107 636 1200 charta,
655 1105 870 1208 nodosaque
884 1105 988 1187 venit
1001 1079 1160 1187 'arundo

190 1258 302 1338 Tum
318 1253 503 1359 queritur,
520 1251 654 1336 crassus
670 1249 817 1332 calamo
832 1251 938 1355 quod
951 1250 1114 1354 pendeat
1128 1251 1271 1337 humor
1279 1288 1294 1348 ς

191 1401 318 1505 Nigra
332 1402 437 1506 quod
451 1399 574 1482 infusa
588 1398 759 1481 vanescat
773 1397 874 1500 sepia
890 1396 1049 1502 lympha
1055 1435 1069 1492 ς
1225 1493 1227 1498 ,
1249 1441 1252 1448 ·

192 1547 348 1630 Dilutas
365 1548 539 1653 queritur
554 1548 725 1649 geminet
740 1545 844 1648 qnod
859 1541 981 1626 fistula
995 1515 1134 1647 guttas.
1434 1627 1436 1634 s

191 1691 233 1771 0
251 1691 383 1773 miseri
408 1685 524 1796 inque
540 1691 619 1773 dies
635 1691 735 1774 ultra
750 1687 882 1770 miser!
907 1687 1070 1772 huccine
1085 1717 1214 1773 rerum
1289 1719 1333 1795 15
1450 1705 1451 1712 '

191 1835 402 1918 Venimus?
427 1854 466 1918 at
480 1863 551 1918 cur
565 1811 644 1916 non
661 1835 801 1942 potius,
818 1851 1025 1936 teneroque
1040 1835 1222 1918 columbo
1240 1905 1244 1910 .

190 1979 246 2061 Et
261 1979 391 2062 similis
407 2000 544 2082 regum
559 1979 701 2082 pueris,
717 2002 881 2081 pappare
897 1973 1094 2060 minutum

191 2125 331 2220 Poscis,
349 2142 388 2207 et
402 2127 516 2218 iratus
532 2151 713 2205 mammae
728 2121 854 2203 lallare
871 2123 1046 2206 recusas?

191 2274 258 2353 An
276 2273 344 2353 tali
361 2271 532 2353 studeam
546 2249 719 2350 calamo?
742 2269 806 2350 cui
821 2269 958 2352 verba?
983 2271 1080 2377 quid
1093 2252 1178 2355 istas

144 2393 148 2400 ¹
192 2418 364 2522 Suscipis
380 2415 584 2518 ambages?
608 2414 681 2496 tibi
696 2414 853 2495 luditur.
902 2413 1040 2516 Effluis
1056 2443 1213 2513 amensr
1251 2489 1257 2502 ,
1286 2447 1334 2504 ao

192 2567 462 2650 Contemnere.
512 2565 630 2646 Sonat
645 2563 785 2645 vitium
800 2563 980 2667 perc'uffa,
997 2565 1163 2670 maligne
1244 2617 1246 2621 -

191 2711 425 2815 Respondet,
438 2707 549 2791 viridi
564 2699 643 2788 non
661 2709 769 2788 cocta
786 2705 910 2788 fidelia
923 2706 1034 2792 limo·

190 2859 327 2940 Udum
336 2873 378 2937 et
387 2852 683 2935 mollelutumes
688 2827 927 2945 {nuncnunc
935 2854 1205 2956 properandus,
1216 2875 1254 2940 et
1264 2825 1340 2940 acri

147 3093 151 3106 ,
192 3005 413 3106 Fingendus
429 3001 506 3083 fine
519 2999 595 3082 fine
612 3016 707 3081 rota.
757 2999 830 3080 Sed
848 3025 934 3080 rure
949 3015 1108 3103 patemo
1270 2995 1274 3006 ’

191 3146 262 3228 Est
278 3144 353 3227 tibi
364 3142 423 3225 sar
440 3141 652 3234 modicum,
669 3167 811 3244 purum
825 3157 865 3221 et
880 3139 956 3221 fine
971 3139 1055 3222 labe
1070 3137 1251 3226 salinum(
1286 3171 1331 3248 ας

193 3289 302 3398 Q'd
317 3285 492 3369 metuas?
515 3283 729 3386 cultrixque
744 3281 822 3386 soci
838 3281 964 3364 secura
978 3283 1115 3386 patella
1128 3285 1194 3368 est.

193 3434 285 3517 Hoc
302 3428 413 3552 satis?
437 3455 486 3510 an
503 3427 634 3508 deceat
650 3425 879 3530 pulmonem
895 3452 1072 3529 rumpere
1087 3430 1224 3522 ventis,
1315 3413 1318 3416 ¹

193 3574 402 3654 Stemmata
419 3566 525 3674 quod
539 3565 696 3648 Thusco
712 3563 864 3646 ramum
880 3563 1078 3647 millesime
1093 3565 1197 3648 ducis
1206 3603 1220 3661 ς

27 3831 30 3844 Ι
148 3827 153 3840 a
194 3717 448 3802 Censoremve
463 3734 576 3797 tuum
592 3713 653 3795 vel
668 3713 773 3819 quod
788 3711 954 3794 trabeate
968 3711 1150 3810 salutast,

194 3863 261 3948 Ad
274 3862 464 3967 populum
478 3857 669 3962 phaleras:
695 3886 768 3962 ego
784 3876 822 3978 te
830 3858 939 3940 intus
954 3855 1051 3940 'etin
1067 3878 1155 3942 cute
1171 3849 1278 3944 novi}
1288 3891 1337 3964 30

192 4011 289 4095 Non
305 4008 425 4114 pudet
442 4007 489 4090 ad
504 4032 654 4134 morem
664 4004 841 4088 discincti
855 4000 980 4088 vivere
995 4005 1154 4089 Nattae?

193 4154 269 4238 Sed
282 4155 406 4264 stupet
421 4154 488 4238 hic
503 4154 611 4284 vitio,
628 4147 792 4264 et'fibris
808 4145 967 4243 increvit
981 4153 1160 4258 opimum
1237 4249 1240 4258 ,

1163 4301 1332 4405 Pingue3
