3354 5344
249 489 258 500 ·
326 457 433 554 w,
558 425 1279 566 JuvnnnnrsSruunnXIVt
1358 399 1366 408 ι

149 761 154 766 ¹
322 643 413 732 Nec
430 643 501 728 tibi
517 665 692 752 parcetur
709 646 859 748 misero,
884 649 1155 758 trepidumque
1172 650 1400 758 magistrum

321 793 372 874 In
387 821 500 876 cavea
513 823 656 900 magno
672 793 832 878 fremitu
847 795 910 880 leo
925 797 1035 881 tollet
1050 799 1244 882 alumnus.

321 937 432 1024 Nota
448 941 730 1028 mathematicis
744 943 890 1050 genesis
905 961 994 1028 tut:
1020 943 1083 1028 sed
1097 973 1212 1048 grave
1228 943 1352 1028 tardus
1462 997 1466 1004 ·

320 1083 549 1190 Exspestare
564 1085 682 1168 colos.
731 1085 929 1183 Morieris,
952 1087 1114 1172 stamine
1128 1087 1304 1174 noudum

320 1231 515 1337 Abrupto.
564 1231 656 1338 Jam
671 1259 776 1315 nunc
791 1231 929 1328 obstas,
953 1250 995 1315 et
1010 1252 1099 1318 vota
1113 1237 1308 1330 morarius
1392 1261 1414 1318 u
1418 1259 1468 1339 50

171 1373 176 1378 ’
318 1377 411 1482 Jam
429 1373 776 1480 torquetjuvenem
789 1376 907 1478 longa
924 1393 963 1459 et
978 1376 1132 1458 cervina
1146 1375 1328 1462 senectus.

253 1529 257 1536 '
320 1521 1213 1630 OcyusArchigenemquaere,atqueemequod
1221 1522 1472 1608 Mithridates

319 1671 561 1776 Composuit,
586 1667 614 1750 fi
632 1670 689 1750 vis
707 1667 822 1750 aliam
838 1667 1038 1772 decerpere
1052 1667 1188 1764 ficum,

318 1820 452 1924 Atque
467 1818 556 1900 alias
572 1819 730 1898 tranare
746 1813 857 1898 rosas.
892 1813 1140 1896 Medicumen
1151 1813 1378 1900 habendum
1393 1815 1463 1912 cst,

319 1961 477 2044 Sorbere
494 1979 581 2043 ante
598 1960 732 2042 cibum
748 1958 855 2065 quod
865 1957 1005 2066 debeat
1019 1976 1059 2042 et
1072 1976 1192 2062 pater,
1216 1977 1255 2043 et
1271 1985 1353 2042 rex.
1388 1976 1462 2067 255

317 2109 498 2192 Monstro
512 2108 749 2216 voluptatem
763 2105 971 2208 egregiam,
994 2105 1060 2204 eui
1074 2105 1182 2188 nulla
1196 2103 1359 2222 theatra,

316 2255 438 2338 Nulla
456 2281 606 2360 aequare
622 2277 739 2360 queas
756 2253 924 2356 praetoris
942 2249 1094 2354 pulpita
1107 2249 1219 2364 lauti,
1380 2293 1383 2300 Δ

284 2393 358 2489 ”Si
372 2407 513 2510 spectes
529 2421 676 2511 quanto
693 2401 829 2505 capitis
845 2398 1062 2488 discrimine
1078 2369 1257 2484 constent
1402 2419 1412 2450 -’
1561 2403 1565 2412 ’
1653 2397 1654 2482 l

314 2554 559 2638 Incrementa
574 2553 725 2646 domus,
752 2566 863 2637 aerata
876 2546 1023 2632 multus
1037 2547 1079 2628 in
1096 2571 1183 2626 arca

167 2765 169 2771 .
314 2699 460 2792 Fiscus,
485 2697 587 2778 etad
604 2693 762 2797 vigilem
779 2689 947 2796 ponendi
963 2686 1118 2772 Castore
1134 2689 1301 2784 nummi,
1381 2698 1464 2782 260

314 2841 379 2922 Ex
394 2868 472 2945 quo
490 2839 598 2919 Mars
614 2835 732 2917 Ultor
745 2832 895 2936 galeam
911 2857 1066 2936 quoque
1083 2829 1264 2934 perdidit,
1289 2847 1329 2915 et
1344 2858 1403 2914 res
1464 2813 1468 2816 ’

253 3029 260 3050 =
315 2979 412 3062 Non
426 2979 555 3082 potuit
570 2975 710 3058 servare
725 2973 822 3054 suas.
871 2971 978 3073 Ergo
990 2970 1121 3052 omnia
1135 2969 1272 3066 Flore,
1312 3009 1315 3016 ·

179 3193 184 3200 «
314 3131 370 3215 Et
387 3131 535 3213 Cereris
551 3129 654 3221 licet,
679 3143 719 3207 et
736 3121 898 3227 Cybeles
913 3121 1032 3205 aulaea
1048 3119 1254 3224 relinques,

312 3292 447 3374 Tanto
461 3285 621 3393 majores
637 3282 809 3366 humana
824 3281 979 3384 negotia
993 3279 1093 3360 ludi.

312 3443 379 3522 An
398 3395 734 3540 migisoblesiant-
747 3424 1076 3532 animumjattata
1093 3440 1253 3526 petauro
1389 3435 1436 3508 26
1439 3455 1461 3533 5

316 3591 501 3691 Corpora,
526 3582 672 3686 quique
689 3577 810 3660 solent
825 3578 975 3670 resium
990 3571 1212 3654 descendere
1231 3571 1382 3670 funem,
1441 3655 1444 3662 ,

168 3790 173 3800 ,
317 3739 450 3844 Qum
465 3753 522 3826 tu,
548 3728 712 3831 Corycia
726 3727 876 3828 semper
889 3724 958 3830 qui
972 3750 1103 3828 puppe
1120 3723 1279 3804 moraris
1328 3743 1330 3750 ’

317 3887 450 3986 Atque
465 3877 627 3969 habitas,
651 3900 742 3954 coro
759 3872 906 3973 semper
923 3869 1114 3952 tollendus
1132 3885 1171 3950 et
1185 3866 1325 3960 auſtro,
1387 3907 1391 3912 ·

315 4031 505 4123 Perditus,
530 4053 574 4106 ac
591 4021 674 4104 vilis
691 4020 786 4102 sacci
800 4036 988 4102 mercator
1001 4015 1163 4108 olentis,

316 4179 399 4290 Qi
415 4176 555 4282 gaudes
563 4174 715 4300 =pingue
731 4166 896 4271 antiquae
911 4163 960 4246 de
975 4165 1104 4246 littore
1120 4155 1244 4247 Cre'tae'
1382 4185 1466 4258 270

1373 4303 1464 4390 Pas·
