3354 5344
363 445 457 554 1632
530 445 589 536 A.
624 439 857 538 PERSII
896 440 1159 540 FLACCI
1193 439 1403 542 VITA.

363 649 503 764 ginali,
529 647 667 734 animo
688 649 852 750 sincero,
882 647 1058 762 impense
1077 649 1248 750 erudito,
1273 651 1364 736 acri
1384 665 1500 734 certe

365 781 407 848 et
423 761 616 858 vitiorum
630 759 876 874 impatienti,
906 779 947 844 et
963 759 1121 845 Lucilii
1144 779 1184 846 et
1203 761 1376 847 Horatii
1397 759 1499 844 imi-

365 891 538 958 tatorem
558 873 766 969 alliduum,
796 871 971 986 probant
993 869 1084 956 satis
1109 871 1194 984 eius
1214 878 1371 988 Satyrae
1393 875 1500 956 doc-

365 981 475 1068 trina
493 981 647 1068 referte
664 999 704 1066 et
722 986 860 1066 Stoam
878 980 1085 1104 sapientes.
1133 987 1198 1068 De
1215 985 1278 1068 his
1296 1011 1435 1098 porro
1455 981 1501 1065 id

365 1097 609 1194 notandum,
636 1094 680 1178 in
709 1091 886 1206 antiquis
916 1093 1160 1180 membranis
1190 1095 1272 1178 sine
1298 1097 1396 1180 ulla
1432 1091 1500 1176 di·

367 1203 579 1292 ffinttione
603 1203 823 1317 aliquando
845 1233 866 1288 r
938 1201 1022 1302 riri,
1051 1203 1163 1316 quast
1190 1205 1291 1289 liber
1313 1205 1420 1290 esset
1444 1201 1500 1286 uss

367 1345 446 1402 nus
465 1333 506 1400 et
528 1315 761 1414 continuus,
786 1343 843 1427 qu
924 1331 965 1400 et
990 1313 1214 1426 agnoscunt
1242 1315 1498 1412 Priscianus,

369 1425 687 1540 Qinftilianus,
706 1424 867 1540 aliique,
887 1425 997 1516 dum
1019 1453 1107 1512 non
1131 1425 1303 1536 qudem·
1323 1429 1499 1538 Satytas

368 1536 499 1636 Persai,
529 1537 594 1622 sed
621 1538 772 1624 librum
801 1537 1018 1648 appellant.
1058 1539 1125 1632 ¹Iu
1153 1537 1403 1648 quibusdam
1430 1554 1499 1623 ta·

330 1727 340 1744 ,
368 1679 477 1748 men,
489 1653 637 1762 Satyra
650 1649 849 1744 duntaxat
861 1644 1043 1759 quinque
1057 1665 1339 1748 numerantur,
1351 1674 1499 1760 ..quar-

367 1780 412 1848 ta
429 1761 480 1856 ad
497 1757 657 1846 tertiam
675 1757 879 1866 adjuntta.
926 1756 1138 1870 Scripserat
1154 1755 1325 1866 juvenis,
1345 1754 1497 1870 inqui·

367 1890 460 1969 unt,
479 1873 717 1963 Praetextam
736 1867 931 1968 fabulam,
949 1879 1145 1984 ὅδιωςικῦ.
1164 1870 1314 1962 librum
1334 1893 1496 1964 unum,

369 2001 410 2068 et
429 1979 506 2068 alia
523 2008 552 2091 q
641 1979 737 2080 iam,
751 1999 800 2062 ut
818 1977 935 2068 aiunt
948 1979 1281 2086 veteraeGlollae:
1301 1979 1369 2072 sed
1391 1980 1496 2066 abo-

368 2089 466 2177 levit
483 2119 530 2176 ea
547 2093 580 2173 F
626 2087 691 2196 via
707 2107 848 2189 mater,
865 2118 914 2178 ex
933 2091 1096 2182 coneilio
1110 2091 1285 2199 Qumuti
1300 2094 1493 2202 Praecep-

369 2201 581 2398 tompqui
599 2199 721 2287 etiam
740 2205 911 2314 Satyrus,
935 2219 1160 2316 antequam
1172 2203 1404 2301 ederentur,
1428 2229 1494 2310 re·

369 2341 443 2401 cen
460 2331 535 2398 ult.
1091 2391 1099 2402 ..
1188 2397 1191 2410 ,
1417 2349 1425 2398 .·
1469 2373 1472 2382 ·
1631 2385 1632 2410 ,

418 2429 610 2516 Ceterum
627 2451 864 2538 quanquam
883 2422 1042 2512 videtur
1059 2424 1212 2522 Rerfius
1231 2421 1405 2516 noluiffe
1424 2421 1493 2516 in·
1631 2419 1632 2422 ‘

246 2547 250 2566 '
372 2535 459 2622 telli
486 2534 501 2618 i
518 2551 639 2646 atque
652 2537 751 2620 adeo
765 2536 905 2621 debere
918 2535 1082 2648 negligi,
1101 2553 1149 2632 ut
1163 2536 1366 2638 aiebatD„
1383 2541 1502 2622 Ana.

371 2563 539 2772 broilus,
558 2664 600 2728 at
619 2647 730 2756 quod
747 2645 806 2733 ait
823 2673 996 2773 magnus
1015 2646 1205 2775 Scaliger,
1219 2647 1301 2756 jam
1322 2675 1347 2738 a
1366 2643 1491 2762 nobis

371 2758 625 2868 intell1g1tur,
661 2785 792 2868 neque
827 2759 996 2868 proinde
1028 2761 1136 2870 neglt
1185 2759 1289 2844 ndus
1323 2785 1350 2844 a
1379 2775 1517 2872 ,quos

371 2895 511 2982 quam.
566 2869 697 2954 Eccur
715 2866 826 2952 enim
846 2866 904 2958 ita
921 2869 1106 2958 laudanu
1174 2868 1183 2886 ⁰
1275 2867 1490 2984 asummis

374 2979 469 3062 viris
488 2979 568 3075 ille,
594 2977 715 3079 liner
735 2977 814 3089 legi
831 2979 977 3090 dignus
997 2978 1115 3070 ellat?
1144 2979 1281 3070 Testes
1301 2981 1381 3066 smt
1399 2984 1489 3067 Eu·
1504 2975 1517 3008 ²

372 3091 450 3176 seb.
476 3093 530 3174 D.
545 3088 719 3174 Hieron.
753 3093 790 3172 S.
806 3090 978 3202 August.
1006 3089 1194 3190 Laetam.
1218 3091 1488 3206 Qinttilian.
1627 3115 1628 3124 ‘

372 3198 503 3298 etalii
519 3227 644 3312 prope
661 3199 885 3300 innumeri;
918 3228 966 3284 ex
983 3200 1117 3289 Poetis
1137 3217 1274 3318 autem
1293 3207 1487 3316 Lucanus

372 3311 1515 3534 aalmaattentaturuma.

372 3531 577 3647 preconiis
605 3531 761 3660 recitari
783 3533 982 3632 audiebat,
997 3533 1055 3618 ¹ut
1084 3534 1258 3622 affirmat
1280 3555 1395 3626 vetus
1419 3534 1486 3622 in·

375 3645 1516 3881 ,affin

376 3891 548 3956 monam
567 3863 629 3948 hu
647 3865 843 3958 versibus:
1094 3947 1099 3965 ,,
1243 3947 1248 3958 ,
1457 3945 1462 3952 .

503 3974 657 4086 ,Saepius
675 3977 717 4062 in
738 3976 832 4068 libro
849 3996 1071 4080 memoratur
1087 3980 1233 4089 Perfius
1250 4011 1332 4078 aaa,
1404 4057 1409 4080 ,

509 4101 528 4180 j
566 4086 954 4198 Qamlew'sintota
971 4091 1385 4210 MarsutAmanonide.

661 4279 679 4288 „
837 4284 842 4291 ·
1127 4277 1134 4305 ι
1216 4283 1221 4292 ·
1296 4271 1508 4398 lun
