3350 5336
340 389 409 516 64
580 389 900 528 Juvunturs
934 391 1135 496 Surrnt
1170 407 1255 508 VI.¹
1296 358 1300 367 1

332 613 495 710 Efferat,
520 633 559 698 et
575 635 753 722 patmos:
779 645 828 702 an
842 617 887 700 fit
901 619 1068 734 victurus
1084 619 1232 703 adulter

331 761 422 846 Post
435 760 574 866 ipsam:
600 762 695 867 quid
710 765 818 846 enim
834 763 955 868 majus
973 765 1249 850 dareNumina
1262 763 1439 874 potsunt?
1489 823 1494 832 .

328 907 430 988 Haec
446 923 575 988 tanam
590 906 753 1008 ignorat,
778 906 876 1011 quid
890 907 988 990 fidus
1004 905 1107 988 triste
1121 909 1292 990 minetur

327 1051 505 1146 Saturnia
531 1078 611 1155 quo
623 1049 710 1132 lanta
726 1050 857 1132 Venus
873 1051 909 1132 se
924 1049 1203 1156 proferatastro
1211 1089 1226 1148 ς
1487 1121 1492 1128 .

330 1197 415 1304 Ql
428 1193 564 1276 menfis
583 1193 738 1290 damno,
755 1221 842 1298 quae
860 1195 999 1284 dantur
1015 1211 1190 1299 tempora
1208 1197 1328 1282 lucro.
1350 1176 1352 1182 ¹
1400 1223 1475 1304 570

327 1345 436 1428 Illius
451 1343 625 1429 occursus
645 1342 763 1424 etiarn
778 1343 895 1424 vitare
910 1360 1122 1440 memento,
1391 1345 1394 1352 ⁴

325 1495 373 1576 In
387 1491 495 1601 cujn's
512 1491 705 1585 manibus,
729 1516 801 1571 ceu
817 1490 975 1592 pinguia
991 1489 1156 1586 succina,
1180 1493 1290 1574 tritaa

326 1641 461 1722 Cernis
478 1636 760 1744 ephemeridas;
786 1661 871 1738 quae
887 1635 1040 1718 nullum
1054 1637 1230 1732 consulit,
1255 1636 1391 1746 etjam

327 1788 568 1881 Consulitun
594 1813 692 1889 qun,
712 1781 829 1864 castra
841 1782 923 1866 viro
937 1783 1178 1888 patriamque
1193 1803 1361 1888 petente,

323 1933 422 2020 Non
434 1936 506 2018 ibit
521 1935 673 2040 pariter,
698 1931 868 2014 numeria
886 1949 1059 2015 revocata
1066 1933 1270 2040 Thrasylli.
1395 1964 1441 2045 57
1445 1967 1465 2044 ς

191 2127 193 2134 ν
325 2085 393 2167 Ad
408 2083 580 2188 primum
595 2057 764 2182 lapidem
778 2075 916 2157 venari
931 2101 1023 2158 cum
1039 2077 1177 2180 placet,
1200 2079 1296 2164 hora

326 2235 498 2316 Sumitur
514 2255 563 2311 ex
577 2226 697 2308 libro:
723 2224 751 2305 fi
769 2221 891 2327 prurit
906 2221 1039 2306 fristua
1053 2225 1166 2310 ocelli

322 2377 516 2482 Angulus,
542 2373 707 2486 inspelta
722 2370 846 2472 genefi
860 2369 1018 2474 collyria
1034 2371 1168 2478 poscit.

323 2527 445 2627 AEgra
459 2523 549 2602 licet
559 2516 696 2624 jaceat,
721 2514 906 2620 capiendo
921 2513 1026 2596 nulla
1036 2515 1185 2598 videtur

324 2668 467 2774 Aptior
482 2665 576 2747 hora
591 2663 693 2756 cibo,
717 2662 786 2742 nifi
802 2687 919 2764 quarn
936 2659 1082 2742 dederit
1092 2663 1279 2749 Petolirir.
1391 2677 1476 2773 580⁴

322 2815 364 2896 Si
382 2810 582 2895 mediocris
599 2807 683 2900 erit,
707 2806 870 2910 spatium
885 2803 1057 2887 lustrabit
1073 2823 1282 2914 utrumque

321 2961 538 3051 Metamm,
564 2973 603 3036 et
618 2954 731 3066 sortes
748 2951 882 3044 ducetr
907 2951 1152 3056 frontemque
1163 2985 1400 3064 manumque

322 3106 512 3192 Praebebit
524 3102 602 3185 vati
618 3098 798 3181 crebrum
811 3099 1021 3202 poppysma
1036 3104 1199 3204 roganti.
1224 3101 1228 3108 ’
1272 3127 1276 3136 “

315 3251 521 3338 'Divitibus
538 3245 707 3350 responsa
722 3244 828 3326 dabit
840 3244 969 3350 Phryx
984 3275 1120 3352 augur,
1145 3250 1314 3336 etlndua
1389 3311 1393 3320 ·

321 3401 558 3492 conductus,
582 3392 687 3474 dabit
704 3391 885 3473 astrorum
900 3393 1114 3496 mundique
1129 3397 1287 3520 peritus,
1373 3365 1377 3373 ¹
1389 3393 1474 3510 5⁸5¹·

322 3549 462 3648 Atque³
472 3538 607 3641 aliquis
624 3535 758 3627 senior,
783 3536 851 3638 qui
866 3533 1019 3639 publica
1034 3533 1188 3638 fulgura
1203 3541 1347 3626 condit.
1470 3611 1474 3616 .

318 3690 521 3776 Plebeium
537 3653 577 3765 in
594 3682 695 3765 circo
712 3681 878 3786 pofitum
895 3681 1001 3762 estet
1019 3683 1058 3762 in
1076 3711 1212 3786 aggere
1227 3687 1367 3774 fatum.
1472 3751 1475 3760 ,

227 3803 243 3827 Ἰ
320 3837 420 3946 Qu
436 3829 547 3912 nudis
562 3828 726 3929 longum
742 3821 904 3906 ostendit
919 3827 1126 3908 cervicibus
1140 3820 1289 3926 aurum,
1319 3837 1324 3842 '
1451 3864 1456 3874 ·

321 3977 496 4064 Consulit
512 3993 598 4054 ante
613 3971 757 4076 phalas,
782 3970 1127 4074 delphinorumque
1144 3976 1360 4072 columnata

321 4119 677 4228 Ansagavendenti
694 4119 826 4214 nubat,
845 4145 1016 4223 caupone
1032 4121 1177 4204 relisto.
1387 4149 1459 4230 590

1382 4273 1458 4354 Hae
