3354 5344
257 483 355 584 180
514 475 1148 588 .Pnus118nrrrruv.¹
1255 621 1259 634 ¹

255 703 414 784 Grande
431 701 599 784 locuturi
616 701 773 784 nebulas
790 704 983 786 Helicone
998 705 1181 810 legunto:
1208 755 1217 768 ·

44 839 51 848 ’
176 879 184 893 ·
258 849 299 928 Si
317 847 457 950 quibus
475 865 540 926 aut
558 845 733 938 Procnes,
752 863 818 926 aut
834 843 862 926 fi
879 845 1019 950 quibus
1036 846 1112 927 olla
1126 847 1308 950 Thyesta

258 989 452 1081 Fervebit‚
469 985 564 1089 saepe
582 985 718 1066 insulso
734 987 921 1066 coenanda
938 985 1119 1088 Glyconi.

227 1177 230 1184 ·
259 1139 329 1220 Tu
344 1162 469 1237 neque
486 1129 694 1226 anhelanti,
713 1133 895 1237 coquitur
910 1133 1006 1215 dum
1020 1135 1136 1217 marsa
1150 1139 1316 1232 camino,
1371 1167 1421 1220 ro

261 1283 370 1366 Folle
388 1281 530 1382 premis
546 1297 703 1373 ventos,
722 1306 794 1360 nec
810 1279 935 1361 clauso
951 1309 1150 1362 murmure
1167 1309 1301 1366 raucus

262 1427 405 1510 Nescio
422 1425 516 1529 quid
534 1445 664 1506 tecum
681 1451 794 1528 grave
810 1426 1011 1507 cornicaris
1029 1427 1180 1528 inepte;

262 1575 352 1656 Nee
369 1573 518 1676 stloppo
535 1572 702 1653 tumidas
717 1573 883 1654 intendis
899 1601 1075 1676 rumpere
1094 1573 1246 1658 buccas.

134 1791 141 1816 ,
264 1722 395 1804 Verba
410 1741 510 1824 togae
527 1721 702 1822 sequeris,
713 1716 894 1824 junctura
909 1723 1065 1803 callidus
1084 1724 1174 1818 acri,

265 1871 348 1950 Ore
367 1887 465 1949 teres
479 1865 649 1957 modico,
666 1864 850 1969 pallentes
867 1867 997 1947 radere
1015 1895 1142 1950 mores
1260 1941 1264 1950 ,
1300 1907 1303 1926 ·
1373 1900 1389 1951 1
1398 1898 1420 1975 ς

265 2014 431 2103 Doctus,
451 2029 490 2091 et
506 2010 676 2112 ingenuo
692 2008 848 2111 culpam
867 2009 1032 2114 defigere
1047 2011 1153 2093 ludo.

265 2164 377 2248 Hinc
395 2159 504 2242 trahe
520 2188 605 2262 quae
622 2157 741 2243 dicas:
768 2159 989 2263 mensasque
1005 2161 1175 2264 relinque
1191 2163 1370 2268 Mycenis

267 2311 374 2393 Cum
391 2309 518 2411 capite
533 2323 572 2387 et
590 2306 769 2409 pedibus;
789 2306 1013 2411 plebeiaque
1028 2311 1186 2412 prandia
1202 2312 1320 2395 noris.

268 2453 364 2538 Non
383 2451 564 2556 equidem
580 2453 656 2533 hoc
673 2450 819 2544 studeo,
836 2450 988 2533 bullatis
1004 2471 1050 2533 ut
1067 2451 1167 2536 mihi
1184 2457 1298 2556 nugis

266 2604 414 2708 Pagina
430 2597 630 2702 turgescat,
649 2595 738 2676 dare
754 2595 904 2700 pondus
923 2594 1060 2678 idonea
1075 2595 1200 2680 fumo.
1373 2625 1425 2684 aa

268 2744 411 2831 secreti
426 2743 647 2846 loquimur:
674 2737 746 2820 tibi
762 2765 879 2832 nunc,
896 2738 1074 2822 hortante
1091 2743 1292 2836 Camoena,

267 2889 511 2975 Excutienda
527 2888 662 2967 damus
677 2883 904 2989 praecordia,
930 2905 1147 2990 quantaque
1164 2889 1299 2968 nostrae

267 3037 360 3119 Pars
380 3051 448 3114 tua
464 3029 522 3122 fit,
542 3031 727 3120 Cornute,
747 3027 898 3121 animae,
916 3029 990 3109 tibi
1005 3029 1127 3112 dulcis
1145 3033 1282 3125 amice,

268 3175 480 3260 Ostendiffe
488 3171 610 3278 juvat.
659 3171 782 3264 Pulsa,
800 3171 1018 3281 dignoscere
1033 3194 1168 3260 cautus

268 3327 380 3438 Qid
395 3321 558 3406 solidum
574 3339 716 3424 crepet,
733 3337 771 3400 et
788 3323 901 3422 pieta
918 3325 1074 3404 testoria
1089 3324 1243 3435 linguae.
1375 3355 1423 3440 25

269 3475 346 3556 His
364 3499 435 3574 ego
453 3487 630 3550 centenas
649 3466 767 3547 aufim
784 3467 982 3570 deposcere
998 3499 1123 3564 voces,
1287 3471 1292 3480 ’

268 3625 341 3713 Ut,
359 3640 550 3724 quantum
567 3614 667 3696 mihi
685 3633 721 3696 te
739 3616 885 3695 sinuoso
903 3617 942 3697 in
953 3621 1111 3720 ⁴pestore
1128 3619 1209 3711 fixi,

266 3769 376 3846 Voce
393 3767 542 3848 traham
561 3791 679 3868 pura3
706 3783 912 3866 totumque
929 3765 1004 3846 hoc
1022 3767 1135 3846 verba
1151 3767 1351 3868 rehgnent,

264 3915 389 4020 Qud
404 3915 496 3994 latet
514 3941 649 3993 arcana
665 3941 742 3993 non
759 3913 965 3993 enarrabile
983 3913 1089 3994 fibra.

267 4060 374 4137 Cum
392 4056 563 4159 primum
580 4053 717 4158 pavido
733 4053 856 4140 custos
872 4056 971 4136 mihi
988 4085 1157 4160 purpura
1172 4059 1288 4161 ceffit,
1373 4089 1424 4165 30

268 4206 455 4314 Bullaque
472 4203 669 4284 succinctis
686 4201 827 4290 laribus
845 4203 983 4289 donata
999 4207 1179 4314 pependit
1189 4243 1202 4300 3

1316 4355 1424 4436 Cum
1472 4452 1475 4458 .
