3354 5344
326 486 424 598 ψ
624 455 823 566 Punrrr
866 397 1083 564 Struit
1113 471 1185 566 111.

319 673 361 756 Ο
378 699 503 768 curva
518 671 559 754 in
576 687 691 754 terrru
708 673 858 767 annua,
876 687 915 754 et
932 671 1142 756 coelestium
1156 673 1305 762 hauet!

322 817 550 932 Qidjuvat
566 815 657 913 hoc,
675 819 832 919 templis
847 817 992 904 nostros
1007 817 1216 916 immittere
1233 847 1387 918 mores,

320 965 375 1052 Et
392 963 493 1046 bona
510 963 585 1050 Dia
601 989 650 1054 ex
665 960 739 1044 hac
754 961 927 1042 scelerata
943 961 1081 1044 ducere
1095 963 1235 1068 pulpa?

319 1111 420 1193 Haec
436 1109 505 1192 fibi
520 1105 1027 1211 corruptocafiantdiffoivit
1041 1107 1163 1201 olivor
1627 1184 1631 1205 ,

319 1259 419 1352 Haec
435 1255 642 1340 Calabrum
659 1253 764 1342 coxit
779 1253 912 1338 vitiato
929 1253 1077 1339 murice
1091 1251 1231 1348 veilua3
1436 1260 1496 1372 ⁶⁵
1628 1234 1631 1243 ¹

319 1401 420 1492 Hac
437 1402 596 1500 baccam
610 1399 767 1484 conchae
784 1397 915 1493 rafiffe,
931 1415 971 1480 et
985 1397 1164 1502 stringere
1179 1427 1297 1488 vcnar·

319 1549 515 1636 Ferventis
532 1545 655 1630 maffae
670 1549 791 1630 crudo
807 1545 856 1628 de
870 1547 1038 1650 pulvere,
1048 1545 1169 1652 juffit.

318 1697 459 1780 Pectat
472 1711 512 1794 et
526 1693 623 1789 haec,
639 1711 797 1802 peccatr
821 1693 916 1782 vitio
931 1713 1061 1786 tamen
1077 1693 1212 1783 utitur.
1262 1697 1318 1788 At
1335 1723 1428 1794 voa,

318 1841 451 1927 Dicite
465 1837 680 1947 pontifices,
696 1839 738 1918 in
753 1837 863 1920 sacris
878 1839 972 1944 quid
988 1835 1081 1929 facit
1097 1839 1259 1932 aurunt?
1413 1857 1418 1864 ·

317 1988 475 2092 Nempe
489 1986 578 2082 hoc,
595 1987 701 2090 quod
716 1986 857 2068 Veneri
872 1985 1022 2070 donata
1038 1989 1224 2092 uvirgine
1239 2015 1390 2096 puppae.
1423 2016 1484 2094 70

319 2134 428 2250 Qin
444 2130 580 2214 damur
595 2129 635 2212 id
651 2129 806 2234 superir,
822 2126 872 2211 de
888 2157 1030 2234 magna
1045 2131 1151 2234 quod
1165 2131 1253 2216 dare
1268 2107 1386 2218 lance

316 2277 413 2364 Non
430 2275 872 2398 poffitmagniMefl'alae
887 2277 992 2382 lippa
1006 2306 1200 2384 propago;
1439 2253 1446 2264 ’

316 2423 586 2528 Compofitum
596 2421 674 2528 jus,
691 2419 822 2526 sasque
834 2422 974 2517 animi,
992 2423 1208 2530 sanctosque
1226 2426 1382 2512 receffus

316 2572 482 2667 Mentis,
496 2571 748 2666 etincociutu
762 2567 942 2673 generoso
956 2573 1091 2672 petius
1106 2569 1292 2653 honesto?

316 2721 416 2820 Haec
429 2719 526 2814 cedo
543 2733 588 2810 ut
604 2715 830 2812 admoveam
847 2713 1013 2836 templis,
1029 2733 1069 2814 et
1086 2714 1186 2814 farre
1201 2717 1345 2802 litabu·
1416 2748 1441 2825 7
1444 2749 1470 2844 5

623 3023 1129 3124 struanru

436 3316 604 3400 EMPE
619 3313 696 3398 hoc
713 3311 877 3398 affiduei
894 3313 979 3420 jam
990 3316 1138 3400 clarum
1154 3343 1267 3398 mane
1284 3313 1467 3401 fenestras

324 3545 328 3552 .
460 3463 597 3558 Intrat,
614 3479 653 3544 et
669 3461 842 3564 angustas
861 3463 1034 3546 extendit
1048 3433 1198 3546 lumine
1216 3464 1344 3546 rimas.
1464 3439 1469 3446 ’

314 3607 532 3701 stertimus,
550 3608 787 3700 indomitum
804 3610 911 3713 quod
927 3611 1148 3714 despumare
1162 3610 1369 3694 Falernum

314 3750 498 3848 Sufficiat,
513 3756 648 3857 quinta
663 3753 758 3850 dum
772 3754 871 3844 liuta
885 3756 1054 3858 tangitur
1070 3754 1220 3838 umbra.

311 3903 376 3994 En
393 3900 487 4005 quid
503 3902 611 4005 agis?
634 3902 746 3983 ficcas
758 3901 887 3994 insana
901 3902 1074 3985 canicula
1091 3903 1223 3986 meffea
1435 3930 1459 4008 ς
1496 3959 1499 3964 -

312 4048 552 4152 Jamdudutn
565 4048 712 4152 coquit,
729 4066 768 4130 et
784 4048 913 4153 patula
927 4075 1045 4156 pecus
1059 4077 1177 4132 omne
1191 4048 1260 4132 sub
1272 4048 1380 4132 ulmo
1392 4029 1461 4158 est,
1482 4069 1485 4078 ’

311 4196 424 4296 Unus
440 4198 494 4292 ait
509 4198 711 4298 comitum,
761 4197 985 4300 Vtrumne?
1008 4198 1138 4294 itane?
1162 4223 1278 4303 ocyus
1295 4197 1387 4325 adiit

1298 4419 1303 4438 .
1355 4346 1473 4449 ‘Huc'
