3350 5336
338 463 436 538 rre
575 423 925 566 Juvannurs
961 423 1293 524 Surranl.

659 837 1023 938 SATYRA
1080 833 1165 935 XI.

459 1069 603 1156 Tticus
621 1071 763 1158 eximie
779 1069 808 1154 li
824 1085 963 1166 coenat.
988 1067 1115 1152 lautus
1131 1062 1309 1160 habetur,

484 1219 524 1300 Si
532 1217 710 1320 ¹Rutilus,
727 1215 905 1300 demens:
923 1216 1019 1320 quid
1032 1216 1142 1298 enim
1157 1209 1302 1318 majore
1313 1209 1503 1300 uehinuo
1652 1253 1653 1272 r

332 1363 540 1468 Excipitur
553 1361 673 1466 vulgi,
698 1389 818 1466 quam
833 1387 977 1464 pauper
990 1359 1173 1464 Apicius?
1197 1357 1341 1446 omnir·

332 1511 557 1608 convietus,
581 1507 755 1603 thermae,
779 1507 970 1605 stationes,
996 1533 1114 1594 omne
1131 1503 1329 1596 theatrum
1371 1554 1373 1562 v

332 1663 398 1748 De
413 1661 564 1748 Rutilo.
598 1652 707 1746 Nam'
720 1659 819 1742 dum
832 1657 969 1752 valida,
991 1653 1234 1762 acjuvmiua
1246 1655 1427 1740 menbra
1458 1673 1483 1762 ς

285 1811 287 1816 ’
333 1807 538 1894 Sufficiunt
552 1807 681 1912 galea,
706 1807 881 1912 dumque
896 1803 1239 1908 ardentsanguine,
1261 1799 1400 1899 fertur.
1503 1889 1507 1894 ,

333 1953 431 2042 Non
446 1971 609 2060 cogente
622 1953 797 2058 quidem,
820 1954 885 2038 sad
899 1981 971 2038 nec
986 1952 1409 2058 prohibenteTribunu
1517 2059 1520 2066 ¹

333 2103 551 2210 Scripturas
565 2101 682 2206 leger,
707 2119 749 2184 et
763 2103 869 2204 regia
882 2100 998 2184 verba
1011 2099 1166 2184 lanista.

334 2250 488 2337 Multos
504 2275 620 2356 porro
632 2247 751 2348 videt,
776 2249 986 2356 quosdaepe
999 2247 1124 2332 elusus
1138 2247 1330 2356 adipsum

335 2395 514 2481 Creditur
527 2395 733 2480 introitum
750 2397 843 2480 solet
857 2397 1070 2504 exspectare
1085 2393 1254 2491 macelli,
1440 2423 1486 2480 re

335 2543 392 2632 Et
407 2541 549 2650 quibus
565 2545 608 2626 in
625 2544 705 2626 solo
715 2545 866 2626 vivendi
881 2545 991 2628 cause
1005 2544 1131 2651 palato
1147 2545 1216 2629 est.'

335 2693 527 2799 Egregius
542 2709 669 2774 coenat
684 2689 897 2794 meliusque
913 2691 1148 2774 miserrimus
1163 2689 1319 2786 horum,

337 2842 487 2926 Etcito
501 2837 652 2924 casurus
662 2834 748 2942 jam
764 2837 984 2940 perlucente
1001 2837 1125 2922 ruina.

335 2993 485 3078 Interea
499 2985 630 3092 gustus
645 2984 836 3066 elementa
850 3011 919 3089 per
934 2986 1065 3068 omnia
1080 2997 1274 3090 quaerunt,
1450 3061 1454 3067 ,

336 3133 558 3237 Nunquam
575 3130 706 3212 animo
723 3130 855 3232 pretiis
870 3129 1127 3216 obstantibus:
1151 3131 1310 3214 interius
1326 3127 1355 3214 li
1377 3191 1384 3198 -
1440 3151 1455 3212 t
1463 3157 1486 3236 ς

337 3279 542 3375 Attendas,
566 3280 689 3383 magis
706 3278 918 3388 illajuvant
935 3309 1022 3388 quae
1038 3283 1158 3386 pluris
1175 3305 1371 3373 emuntur.

339 3429 448 3534 Ergo
466 3429 571 3513 haud
587 3427 743 3512 difficile
758 3431 813 3513 est
829 3433 1042 3536 perituram
1054 3433 1231 3519 arceffere
1246 3435 1451 3533 summam.
1494 3467 1498 3479 “

338 3578 534 3660 Lancibus
551 3577 748 3680 oppofitis,
772 3577 834 3660 vel
849 3579 982 3660 matris
998 3580 1167 3682 imagine
1181 3577 1315 3680 naua,

338 3727 394 3810 Et
409 3723 696 3831 quadringentis
712 3727 885 3807 nummis
900 3725 1056 3808 condire
1068 3726 1249 3829 gulosum
1366 3723 1374 3742 '

340 3872 497 3958 Fidiile:
522 3873 573 3954 fic
587 3873 747 3954 veniunt
762 3871 810 3952 ad
825 3869 1062 3954 miscellanea
1075 3872 1174 3957 ludi.
1264 3901 1267 3910 ’
1440 3849 1492 3961 nd

344 4017 483 4103 Refert
499 4047 590 4124 ergo
607 4019 694 4126 quis
709 4017 793 4102 haec
807 4017 943 4104 eadem
960 4041 1087 4126 patet:
1113 4024 1156 4108 in
1171 4021 1308 4110 Rutilo
1323 4049 1417 4108 nam

342 4167 516 4254 Luxuria
530 4165 597 4265 est,
621 4168 664 4251 in
680 4165 864 4253 Ventidio
879 4165 1069 4256 laudabile
1083 4196 1228 4257 nornen

1351 4321 1491 4419 Sumit,
