3342 5334
304 497 331 566 a
563 463 891 604 Juvruaurs
927 463 1134 572 Saarna
1160 473 1194 570 l.

350 693 431 774 Cur
451 707 580 810 tamen
597 689 675 776 hoc
690 691 950 820 libeatpotius
967 697 1165 782 decurrere
1181 725 1335 806 campo,

299 841 506 946 Perquem
519 816 684 946 magnus
700 873 816 948 equos
826 847 1021 960 horu-near
1029 847 1135 931 flexit
1147 817 1337 946 alumnus,
1400 874 1452 928 ao

302 995 343 1074 Si
359 1009 478 1087 vacat,
497 1011 535 1074 et
548 991 691 1096 placidi
706 995 894 1078 rationem
910 997 1125 1093 admittitis,
1140 997 1266 1082 edant.

302 1123 409 1226 euin
426 1157 532 1224 tener
547 1155 708 1274 urro'rem
725 1141 841 1226 ducat
856 1144 993 1247 spado}
1018 1145 1159 1266 &auia
1173 1145 1349 1229 Tuscum
1429 1139 1435 1156 '

302 1297 417 1400 Figat
433 1323 584 1400 aprum,
602 1313 642 1376 et
660 1295 762 1376 nuda
779 1313 907 1378 teneat
925 1297 1111 1380 venabula
1129 1325 1301 1380 mamma
1310 1329 1324 1392 ς
1384 1407 1391 1420 ι

292 1447 486 1532 Ῥαῑτίεἰοε
503 1475 638 1530 ornnes
658 1447 798 1552 opibus
814 1475 908 1530 cum
925 1469 1105 1560 provocet
1123 1477 1235 1545 unus,

303 1599 398 1706 Qo
415 1597 598 1680 tondente
614 1594 882 1700 gravisjuveni
899 1597 999 1680 mihi
1016 1598 1133 1679 barba
1151 1595 1327 1691 sonabat,
1402 1619 1449 1704 ας

274 1792 279 1804 ·
301 1754 412 1836 Cum
431 1777 517 1856 pars
537 1747 699 1830 Niliacae
715 1742 850 1850 plebis,
866 1776 959 1830 cum
973 1777 1090 1860 verna
1104 1749 1255 1859 Canopi

302 1899 515 2002 Crispinus,
533 1897 670 2000 Tyrias
682 1877 847 1977 humero
857 1861 1060 1978 'revocante
1072 1861 1252 1992 lacernas,

301 2051 477 2134 Ventilet
489 2049 660 2131 aestivt'tm
676 2045 806 2148 digitis
822 2045 1041 2129 sudantibus
1053 2075 1206 2141 aurum,

302 2201 391 2285 Nec
408 2173 560 2280 sufferre
577 2209 693 2299 queat
709 2190 862 2297 majoris
878 2195 1046 2297 pondera
1059 2221 1249 2298 gemmam

302 2309 475 2432 difficile
491 2347 545 2427 est
557 2347 728 2446 Satyram
746 2369 824 2422 non
839 2341 1009 2423 scribere.
1045 2339 1153 2424 Nam
1168 2343 1253 2446 quis
1269 2340 1410 2444 iniqua

302 2506 409 2584 Tam
422 2497 567 2602 patiens
580 2491 698 2585 urbis,
718 2507 798 2572 tam
815 2487 970 2586 ferreus,
988 2507 1031 2574 ut
1046 2505 1171 2576 teneat
1189 2493 1252 2574 se?
1401 2513 1446 2592 31
1468 2507 1472 2516 ⁴

304 2644 495 2738 causidici
512 2671 611 2729 nova
625 2673 717 2727 cum
735 2641 861 2723 veniat
877 2641 1012 2764 lediica
1032 2641 1232 2725 Mathonis

302 2808 424 2890 Plena
440 2799 543 2908 ips03
570 2795 654 2902 post
670 2794 776 2875 hunc
793 2793 926 2891 magni
940 2789 1085 2872 delator‘
1100 2791 1230 2886 amici,
1287 2807 1291 2816 ’

303 2955 357 3036 Et
369 2953 449 3033 cito
466 2964 639 3048 rapturus
653 2941 700 3020 de
716 2937 914 3019 nobilitate
929 2935 1079 3016 comesa
1132 2957 1136 2968 ’

303 3058 1141 3202 Qudsuperest5quemMallatimet3quem
1154 3073 1453 3206 munerepalp'at

305 3254 442 3344 Carus,
458 3247 496 3328 e't
513 3274 536 3325 a
553 3239 700 3345 trepido
716 3235 912 3338 Thymele
937 3229 1129 3316 summissa
1145 3233 1312 3316 Latino:
1403 3237 1451 3334 36

305 3403 410 3480 Cum
418 3391 468 3477 't'e
485 3397 760 3482 summoveant,
781 3387 849 3490 qui
866 3385 1302 3466 testamenta'merentur

306 3533 513 3637 Noctibus,
532 3545 572 3621 in
588 3535 732 3620 coelum
750 3561 846 3638 quos
865 3533 1005 3625 evehit,
1023 3533 1171 3636 optima
1191 3531 1331 3612 summi
1464 3549 1468 3562 ·

305 3711 424 3808 Nunc
436 3683 714 3808 „via'procesl'os
733 3695 868 3780 vetulae
884 3695 1002 3778 vefica
1016 3695 1148 3777 beatae.

305 3831 514 3938 Uncidlam
530 3847 751 3930 Proculeius
766 3843 895 3937 habet,
913 3841 976 3923 sed
991 3828 1098 3923 Gillo
1115 3841 1326 3922 deuncem:
1401 3855 1453 3936 40

306 4008 434 4088 Partes
452 3999 611 4106 quisque
628 3993 708 4076 suas
725 3995 773 4075 ad
791 3993 1003 4074 mensuram
1019 3991 1194 4092 inguinis
1204 3991 1322 4070 haeres

307 4108 497 4256 Accipiat,
511 4147 596 4228 sane
613 4148 831 4226 mercedem
848 4141 1050 4242 sanguinis,
1069 4157 1107 4219 et
1125 4139 1174 4220 lic
1198 4137 1203 4150 ’
1242 4145 1260 4216 ss

306 4303 458 4398 Palleat,
479 4319 522 4380 ut
545 4283 655 4380 nudis
674 4295 800 4400 preliis
816 4295 884 4402 qui
899 4289 1264 4390 calcibus-anguem,

1369 4427 1465 4512 Aut.
