<?xml version="1.0" encoding="UTF-8"?>
<!DOCTYPE html PUBLIC "-//W3C//DTD XHTML 1.0 Transitional//EN"
    "http://www.w3.org/TR/xhtml1/DTD/xhtml1-transitional.dtd">
<html xmlns="http://www.w3.org/1999/xhtml" xml:lang="en" lang="en">
 <head>
  <title>
</title>
<meta http-equiv="Content-Type" content="text/html;charset=utf-8" />
  <meta name='ocr-system' content='tesseract 3.04.00' />
  <meta name='ocr-capabilities' content='ocr_page ocr_carea ocr_par ocr_line ocrx_word'/>
</head>
<body>
  <div class='ocr_page' id='page_1' title='image "./djuniijuvenalis01persgoog_0049.png"; bbox 0 0 3342 5334; ppageno 0'>
   <div class='ocr_carea' id='block_1_1' title="bbox 298 423 1244 565">
    <p class='ocr_par' dir='ltr' id='par_1_1' title="bbox 298 423 1244 565">
     <span class='ocr_line' id='line_1_1' title="bbox 298 423 1244 565; baseline 0.014 -39"><span class='ocrx_word' id='word_1_1' title='bbox 298 454 365 552; x_wconf 85' lang='lat'>24</span> <span class='ocrx_word' id='word_1_2' title='bbox 572 423 894 565; x_wconf 78' lang='lat' dir='ltr'>Juvtnnnrs</span> <span class='ocrx_word' id='word_1_3' title='bbox 928 437 1139 538; x_wconf 79' lang='lat' dir='ltr'>Srrrnn</span> <span class='ocrx_word' id='word_1_4' title='bbox 1170 435 1244 538; x_wconf 85' lang='lat'>11&#39;1.</span> 
     </span>
    </p>
   </div>
   <div class='ocr_carea' id='block_1_2' title="bbox 241 647 1510 4414">
    <p class='ocr_par' dir='ltr' id='par_1_2' title="bbox 292 647 1160 762">
     <span class='ocr_line' id='line_1_2' title="bbox 292 647 1160 762; baseline 0.018 -34"><span class='ocrx_word' id='word_1_5' title='bbox 292 647 333 728; x_wconf 80' lang='lat' dir='ltr'>si</span> <span class='ocrx_word' id='word_1_6' title='bbox 352 665 459 751; x_wconf 87' lang='lat' dir='ltr'>potes</span> <span class='ocrx_word' id='word_1_7' title='bbox 474 649 585 752; x_wconf 61' lang='lat' dir='ltr'>‚avelli</span> <span class='ocrx_word' id='word_1_8' title='bbox 601 651 854 750; x_wconf 83' lang='lat' dir='ltr'>Circenfibut,</span> <span class='ocrx_word' id='word_1_9' title='bbox 883 657 1032 762; x_wconf 78' lang='lat' dir='ltr'>optime</span> <span class='ocrx_word' id='word_1_10' title='bbox 1047 657 1160 756; x_wconf 82' lang='lat' dir='ltr'>Sorae,</span> 
     </span>
    </p>

    <p class='ocr_par' dir='ltr' id='par_1_3' title="bbox 289 789 1460 1478">
     <span class='ocr_line' id='line_1_3' title="bbox 291 789 1286 906; baseline 0.014 -36"><span class='ocrx_word' id='word_1_11' title='bbox 291 789 377 872; x_wconf 90' lang='lat' dir='ltr'>Aut</span> <span class='ocrx_word' id='word_1_12' title='bbox 397 793 430 872; x_wconf 90' lang='lat' dir='ltr'>F</span> <span class='ocrx_word' id='word_1_13' title='bbox 431 791 622 876; x_wconf 79' lang='lat' dir='ltr'>abraterioe</span> <span class='ocrx_word' id='word_1_14' title='bbox 637 797 789 891; x_wconf 88' lang='lat' dir='ltr'>domus,</span> <span class='ocrx_word' id='word_1_15' title='bbox 810 813 876 879; x_wconf 79' lang='lat' dir='ltr'>eut</span> <span class='ocrx_word' id='word_1_16' title='bbox 890 799 1098 884; x_wconf 83' lang='lat' dir='ltr'>Frufinone</span> <span class='ocrx_word' id='word_1_17' title='bbox 1121 821 1286 906; x_wconf 78' lang='lat' dir='ltr'>paretur,</span> 
     </span>
     <span class='ocr_line' id='line_1_4' title="bbox 292 933 1460 1054; baseline 0.016 -42"><span class='ocrx_word' id='word_1_18' title='bbox 292 933 441 1040; x_wconf 73' lang='lat' dir='ltr'>Qun</span> <span class='ocrx_word' id='word_1_19' title='bbox 456 961 560 1016; x_wconf 90' lang='lat' dir='ltr'>nunc</span> <span class='ocrx_word' id='word_1_20' title='bbox 576 939 747 1020; x_wconf 79' lang='lat' dir='ltr'>tenebras</span> <span class='ocrx_word' id='word_1_21' title='bbox 764 967 888 1024; x_wconf 88' lang='lat' dir='ltr'>unum</span> <span class='ocrx_word' id='word_1_22' title='bbox 905 945 1086 1028; x_wconf 83' lang='lat' dir='ltr'>conducis</span> <span class='ocrx_word' id='word_1_23' title='bbox 1102 947 1145 1028; x_wconf 91' lang='lat' dir='ltr'>in</span> <span class='ocrx_word' id='word_1_24' title='bbox 1161 945 1326 1030; x_wconf 80' lang='lat' dir='ltr'>annum!</span> <span class='ocrx_word' id='word_1_25' title='bbox 1355 973 1427 1054; x_wconf 79' lang='lat'>225</span> <span class='ocrx_word' id='word_1_26' title='bbox 1453 953 1460 970; x_wconf 82' lang='grc'><em>’</em></span> 
     </span>
     <span class='ocr_line' id='line_1_5' title="bbox 290 1077 1458 1202; baseline 0.02 -44"><span class='ocrx_word' id='word_1_27' title='bbox 290 1077 498 1172; x_wconf 71' lang='lat' dir='ltr'>Hortalus,</span> <span class='ocrx_word' id='word_1_28' title='bbox 515 1079 595 1177; x_wconf 91' lang='lat' dir='ltr'>hic,</span> <span class='ocrx_word' id='word_1_29' title='bbox 612 1087 821 1189; x_wconf 85' lang='lat' dir='ltr'>puteusque</span> <span class='ocrx_word' id='word_1_30' title='bbox 837 1089 972 1202; x_wconf 79' lang='lat' dir='ltr'>brevis,</span> <span class='ocrx_word' id='word_1_31' title='bbox 990 1119 1062 1176; x_wconf 81' lang='lat' dir='ltr'>nec</span> <span class='ocrx_word' id='word_1_32' title='bbox 1076 1093 1170 1178; x_wconf 85' lang='lat' dir='ltr'>reste</span> <span class='ocrx_word' id='word_1_33' title='bbox 1185 1096 1412 1192; x_wconf 73' lang='lat' dir='ltr'>movendus.</span> <span class='ocrx_word' id='word_1_34' title='bbox 1453 1097 1458 1106; x_wconf 84' lang='lat'>&#39;</span> 
     </span>
     <span class='ocr_line' id='line_1_6' title="bbox 289 1201 1440 1332; baseline 0.016 -29"><span class='ocrx_word' id='word_1_35' title='bbox 289 1221 338 1304; x_wconf 91' lang='lat' dir='ltr'>In</span> <span class='ocrx_word' id='word_1_36' title='bbox 356 1241 487 1308; x_wconf 86' lang='lat' dir='ltr'>tennes</span> <span class='ocrx_word' id='word_1_37' title='bbox 506 1229 652 1332; x_wconf 79' lang='lat' dir='ltr'>plantes</span> <span class='ocrx_word' id='word_1_38' title='bbox 669 1229 773 1316; x_wconf 80' lang='lat' dir='ltr'>facili</span> <span class='ocrx_word' id='word_1_39' title='bbox 788 1201 1016 1318; x_wconf 74' lang='lat' dir='ltr'>diffunditur</span> <span class='ocrx_word' id='word_1_40' title='bbox 1030 1237 1180 1321; x_wconf 75' lang='lat' dir='ltr'>haustu.</span> <span class='ocrx_word' id='word_1_41' title='bbox 1437 1245 1440 1252; x_wconf 87' lang='lat'>&#39;</span> 
     </span>
     <span class='ocr_line' id='line_1_7' title="bbox 289 1369 1189 1478; baseline 0.017 -28"><span class='ocrx_word' id='word_1_42' title='bbox 289 1369 390 1452; x_wconf 88' lang='lat' dir='ltr'>Vive</span> <span class='ocrx_word' id='word_1_43' title='bbox 405 1373 569 1458; x_wconf 83' lang='lat' dir='ltr'>bidentis</span> <span class='ocrx_word' id='word_1_44' title='bbox 583 1405 727 1477; x_wconf 82' lang='lat' dir='ltr'>amans,</span> <span class='ocrx_word' id='word_1_45' title='bbox 745 1403 784 1468; x_wconf 87' lang='lat' dir='ltr'>et</span> <span class='ocrx_word' id='word_1_46' title='bbox 799 1382 894 1466; x_wconf 89' lang='lat' dir='ltr'>culti</span> <span class='ocrx_word' id='word_1_47' title='bbox 910 1381 1055 1464; x_wconf 84' lang='lat' dir='ltr'><strong>villicus</strong></span> <span class='ocrx_word' id='word_1_48' title='bbox 1070 1381 1189 1478; x_wconf 86' lang='lat' dir='ltr'>horti,</span> 
     </span>
    </p>

    <p class='ocr_par' dir='ltr' id='par_1_4' title="bbox 290 1517 1266 1632">
     <span class='ocr_line' id='line_1_8' title="bbox 290 1517 1266 1632; baseline 0.013 -35"><span class='ocrx_word' id='word_1_49' title='bbox 290 1517 406 1602; x_wconf 89' lang='lat' dir='ltr'><strong>Unde</strong></span> <span class='ocrx_word' id='word_1_50' title='bbox 425 1522 584 1626; x_wconf 86' lang='lat' dir='ltr'>epulum</span> <span class='ocrx_word' id='word_1_51' title='bbox 600 1526 711 1627; x_wconf 87' lang='lat' dir='ltr'>poffis</span> <span class='ocrx_word' id='word_1_52' title='bbox 727 1546 886 1610; x_wconf 87' lang='lat' dir='ltr'>centurn</span> <span class='ocrx_word' id='word_1_53' title='bbox 896 1527 985 1608; x_wconf 81' lang='lat' dir='ltr'>dare</span> <span class='ocrx_word' id='word_1_54' title='bbox 997 1528 1266 1632; x_wconf 66' lang='lat' dir='ltr'><strong>Pythagoreis.</strong></span> 
     </span>
    </p>

    <p class='ocr_par' dir='ltr' id='par_1_5' title="bbox 241 1665 1447 2962">
     <span class='ocr_line' id='line_1_9' title="bbox 289 1665 1429 1789; baseline 0.011 -43"><span class='ocrx_word' id='word_1_55' title='bbox 289 1665 359 1748; x_wconf 85' lang='lat' dir='ltr'>Est</span> <span class='ocrx_word' id='word_1_56' title='bbox 373 1671 518 1774; x_wconf 86' lang='lat' dir='ltr'>aliquid</span> <span class='ocrx_word' id='word_1_57' title='bbox 534 1701 765 1779; x_wconf 89' lang='lat' dir='ltr'>quocunque</span> <span class='ocrx_word' id='word_1_58' title='bbox 782 1676 882 1770; x_wconf 88' lang='lat' dir='ltr'>loco,</span> <span class='ocrx_word' id='word_1_59' title='bbox 900 1701 1130 1780; x_wconf 87' lang='lat' dir='ltr'>quocunque</span> <span class='ocrx_word' id='word_1_60' title='bbox 1148 1675 1302 1770; x_wconf 78' lang='lat' dir='ltr'>receffu,</span> <span class='ocrx_word' id='word_1_61' title='bbox 1355 1701 1429 1789; x_wconf 75' lang='lat'>230</span> 
     </span>
     <span class='ocr_line' id='line_1_10' title="bbox 241 1789 1445 1912; baseline 0.01 -18"><span class='ocrx_word' id='word_1_62' title='bbox 241 1789 247 1802; x_wconf 35' lang='lat'>⁸</span> <span class='ocrx_word' id='word_1_63' title='bbox 289 1813 417 1898; x_wconf 83' lang='lat' dir='ltr'><strong>Unius</strong></span> <span class='ocrx_word' id='word_1_64' title='bbox 433 1821 506 1902; x_wconf 89' lang='lat' dir='ltr'>sese</span> <span class='ocrx_word' id='word_1_65' title='bbox 522 1820 725 1904; x_wconf 86' lang='lat' dir='ltr'>dominum</span> <span class='ocrx_word' id='word_1_66' title='bbox 741 1819 866 1912; x_wconf 81' lang='lat' dir='ltr'>feciffe</span> <span class='ocrx_word' id='word_1_67' title='bbox 885 1821 1045 1904; x_wconf 80' lang='lat' dir='ltr'>lacertre.</span> <span class='ocrx_word' id='word_1_68' title='bbox 1441 1830 1445 1838; x_wconf 89' lang='grc'><strong>’</strong></span> 
     </span>
     <span class='ocr_line' id='line_1_11' title="bbox 290 1957 1387 2072; baseline 0.005 -24"><span class='ocrx_word' id='word_1_69' title='bbox 290 1968 484 2050; x_wconf 87' lang='lat' dir='ltr'><strong>Plurimus</strong></span> <span class='ocrx_word' id='word_1_70' title='bbox 500 1969 564 2050; x_wconf 88' lang='lat' dir='ltr'>hic</span> <span class='ocrx_word' id='word_1_71' title='bbox 581 1997 678 2072; x_wconf 83' lang='lat' dir='ltr'>aeger</span> <span class='ocrx_word' id='word_1_72' title='bbox 695 1971 857 2052; x_wconf 87' lang='lat' dir='ltr'>motitur</span> <span class='ocrx_word' id='word_1_73' title='bbox 872 1971 1088 2072; x_wconf 79' lang='lat' dir='ltr'>vigiland03</span> <span class='ocrx_word' id='word_1_74' title='bbox 1120 1971 1183 2052; x_wconf 84' lang='lat' dir='ltr'>sed</span> <span class='ocrx_word' id='word_1_75' title='bbox 1198 1971 1310 2054; x_wconf 88' lang='lat' dir='ltr'>illurn</span> <span class='ocrx_word' id='word_1_76' title='bbox 1342 1975 1346 1982; x_wconf 88' lang='grc'><strong>’</strong></span> <span class='ocrx_word' id='word_1_77' title='bbox 1383 1957 1387 1962; x_wconf 53' lang='grc'><strong>’</strong></span> 
     </span>
     <span class='ocr_line' id='line_1_12' title="bbox 288 2111 1447 2222; baseline 0.003 -24"><span class='ocrx_word' id='word_1_78' title='bbox 288 2111 535 2219; x_wconf 80' lang='lat' dir='ltr'>Languorem</span> <span class='ocrx_word' id='word_1_79' title='bbox 551 2119 698 2222; x_wconf 85' lang='lat' dir='ltr'>peperit</span> <span class='ocrx_word' id='word_1_80' title='bbox 712 2119 820 2204; x_wconf 83' lang='lat' dir='ltr'>tibur</span> <span class='ocrx_word' id='word_1_81' title='bbox 834 2116 1095 2222; x_wconf 75' lang='lat' dir='ltr'>imperfectus,</span> <span class='ocrx_word' id='word_1_82' title='bbox 1119 2134 1160 2198; x_wconf 90' lang='lat' dir='ltr'>et</span> <span class='ocrx_word' id='word_1_83' title='bbox 1174 2117 1318 2200; x_wconf 82' lang='lat' dir='ltr'>haerenr</span> <span class='ocrx_word' id='word_1_84' title='bbox 1415 2119 1447 2129; x_wconf 82' lang='grc'><strong>”</strong></span> 
     </span>
     <span class='ocr_line' id='line_1_13' title="bbox 287 2259 1446 2367; baseline 0.005 -29"><span class='ocrx_word' id='word_1_85' title='bbox 287 2259 452 2346; x_wconf 82' lang='lat' dir='ltr'>Ardenti</span> <span class='ocrx_word' id='word_1_86' title='bbox 468 2264 678 2348; x_wconf 74' lang='lat' dir='ltr'>stomicho.</span> <span class='ocrx_word' id='word_1_87' title='bbox 728 2265 837 2346; x_wconf 85' lang='lat' dir='ltr'>Nam</span> <span class='ocrx_word' id='word_1_88' title='bbox 853 2291 937 2367; x_wconf 89' lang='lat' dir='ltr'>quae</span> <span class='ocrx_word' id='word_1_89' title='bbox 954 2263 1150 2344; x_wconf 77' lang='lat' dir='ltr'>meritoria</span> <span class='ocrx_word' id='word_1_90' title='bbox 1165 2263 1345 2346; x_wconf 82' lang='lat' dir='ltr'>somnnnr</span> <span class='ocrx_word' id='word_1_91' title='bbox 1444 2337 1446 2344; x_wconf 87' lang='grc'><em>,</em></span> 
     </span>
     <span class='ocr_line' id='line_1_14' title="bbox 286 2409 1382 2532; baseline 0.001 -41"><span class='ocrx_word' id='word_1_92' title='bbox 286 2413 543 2494; x_wconf 84' lang='lat' dir='ltr'>Admittunt?</span> <span class='ocrx_word' id='word_1_93' title='bbox 568 2413 716 2514; x_wconf 80' lang='lat' dir='ltr'>magnis</span> <span class='ocrx_word' id='word_1_94' title='bbox 732 2412 869 2515; x_wconf 82' lang='lat' dir='ltr'>opibus</span> <span class='ocrx_word' id='word_1_95' title='bbox 886 2411 1074 2494; x_wconf 84' lang='lat' dir='ltr'>dormitur</span> <span class='ocrx_word' id='word_1_96' title='bbox 1089 2409 1131 2490; x_wconf 89' lang='lat' dir='ltr'>in</span> <span class='ocrx_word' id='word_1_97' title='bbox 1147 2409 1255 2490; x_wconf 90' lang='lat' dir='ltr'>urbe.</span> <span class='ocrx_word' id='word_1_98' title='bbox 1311 2437 1382 2532; x_wconf 71' lang='lat'>235</span> 
     </span>
     <span class='ocr_line' id='line_1_15' title="bbox 284 2556 1220 2665; baseline -0.005 -25"><span class='ocrx_word' id='word_1_99' title='bbox 284 2559 381 2642; x_wconf 87' lang='lat' dir='ltr'>Inde</span> <span class='ocrx_word' id='word_1_100' title='bbox 397 2580 512 2665; x_wconf 87' lang='lat' dir='ltr'>caput</span> <span class='ocrx_word' id='word_1_101' title='bbox 530 2560 680 2642; x_wconf 89' lang='lat' dir='ltr'>morbi:</span> <span class='ocrx_word' id='word_1_102' title='bbox 705 2557 909 2642; x_wconf 88' lang='lat' dir='ltr'>rhedarum</span> <span class='ocrx_word' id='word_1_103' title='bbox 925 2556 1098 2640; x_wconf 81' lang='lat' dir='ltr'>nanfitus</span> <span class='ocrx_word' id='word_1_104' title='bbox 1116 2557 1220 2636; x_wconf 68' lang='lat' dir='ltr'>arcto</span> 
     </span>
     <span class='ocr_line' id='line_1_16' title="bbox 284 2703 1214 2802; baseline -0.008 -11"><span class='ocrx_word' id='word_1_105' title='bbox 284 2711 474 2796; x_wconf 89' lang='lat' dir='ltr'>Vicorum</span> <span class='ocrx_word' id='word_1_106' title='bbox 490 2710 644 2802; x_wconf 82' lang='lat' dir='ltr'>inflexu,</span> <span class='ocrx_word' id='word_1_107' title='bbox 664 2727 703 2790; x_wconf 90' lang='lat' dir='ltr'>et</span> <span class='ocrx_word' id='word_1_108' title='bbox 717 2709 847 2792; x_wconf 74' lang='lat' dir='ltr'>{unns</span> <span class='ocrx_word' id='word_1_109' title='bbox 862 2703 1214 2788; x_wconf 74' lang='lat' dir='ltr'>convicia-mandre</span> 
     </span>
     <span class='ocr_line' id='line_1_17' title="bbox 282 2849 1210 2962; baseline -0.011 -22"><span class='ocrx_word' id='word_1_110' title='bbox 282 2859 461 2962; x_wconf 71' lang='lat' dir='ltr'>Eripiunt</span> <span class='ocrx_word' id='word_1_111' title='bbox 472 2859 650 2942; x_wconf 89' lang='lat' dir='ltr'>somnum</span> <span class='ocrx_word' id='word_1_112' title='bbox 667 2853 809 2948; x_wconf 90' lang='lat' dir='ltr'>Druso,</span> <span class='ocrx_word' id='word_1_113' title='bbox 825 2851 1023 2956; x_wconf 86' lang='lat' dir='ltr'>vitulisque</span> <span class='ocrx_word' id='word_1_114' title='bbox 1041 2849 1210 2939; x_wconf 77' lang='lat' dir='ltr'>marinis,</span> 
     </span>
    </p>

    <p class='ocr_par' dir='ltr' id='par_1_6' title="bbox 284 2998 1126 3099">
     <span class='ocr_line' id='line_1_18' title="bbox 284 2998 1126 3099; baseline -0.007 -13"><span class='ocrx_word' id='word_1_115' title='bbox 284 3007 325 3087; x_wconf 90' lang='lat' dir='ltr'>Si</span> <span class='ocrx_word' id='word_1_116' title='bbox 339 3019 448 3090; x_wconf 88' lang='lat' dir='ltr'>voca&#39;t</span> <span class='ocrx_word' id='word_1_117' title='bbox 464 3008 649 3099; x_wconf 87' lang='lat' dir='ltr'>officium,</span> <span class='ocrx_word' id='word_1_118' title='bbox 669 3002 781 3084; x_wconf 85' lang='lat' dir='ltr'>turba</span> <span class='ocrx_word' id='word_1_119' title='bbox 791 3000 950 3082; x_wconf 85' lang='lat' dir='ltr'>cedente</span> <span class='ocrx_word' id='word_1_120' title='bbox 964 2998 1126 3082; x_wconf 84' lang='lat' dir='ltr'>vehetur</span> 
     </span>
    </p>

    <p class='ocr_par' dir='ltr' id='par_1_7' title="bbox 282 3144 1428 3254">
     <span class='ocr_line' id='line_1_19' title="bbox 282 3144 1428 3254; baseline -0.002 -19"><span class='ocrx_word' id='word_1_121' title='bbox 282 3153 416 3250; x_wconf 83' lang='lat' dir='ltr'>Dives,</span> <span class='ocrx_word' id='word_1_122' title='bbox 434 3173 473 3234; x_wconf 85' lang='lat' dir='ltr'>et</span> <span class='ocrx_word' id='word_1_123' title='bbox 489 3152 635 3254; x_wconf 86' lang='lat' dir='ltr'>ingenti</span> <span class='ocrx_word' id='word_1_124' title='bbox 651 3165 776 3231; x_wconf 88' lang='lat' dir='ltr'>curret</span> <span class='ocrx_word' id='word_1_125' title='bbox 793 3147 905 3250; x_wconf 84' lang='lat' dir='ltr'>supet</span> <span class='ocrx_word' id='word_1_126' title='bbox 918 3173 983 3227; x_wconf 80' lang='lat' dir='ltr'>ora</span> <span class='ocrx_word' id='word_1_127' title='bbox 1000 3144 1188 3241; x_wconf 88' lang='lat' dir='ltr'>Liburno,</span> <span class='ocrx_word' id='word_1_128' title='bbox 1343 3168 1428 3250; x_wconf 71' lang='lat'><em>246.</em></span> 
     </span>
    </p>

    <p class='ocr_par' dir='ltr' id='par_1_8' title="bbox 282 3289 1432 3404">
     <span class='ocr_line' id='line_1_20' title="bbox 282 3289 1432 3404; baseline -0.003 -23"><span class='ocrx_word' id='word_1_129' title='bbox 282 3303 415 3404; x_wconf 87' lang='lat' dir='ltr'>Atque</span> <span class='ocrx_word' id='word_1_130' title='bbox 439 3296 563 3379; x_wconf 87' lang='lat' dir='ltr'>obiter</span> <span class='ocrx_word' id='word_1_131' title='bbox 577 3296 693 3398; x_wconf 86' lang='lat' dir='ltr'>leget,</span> <span class='ocrx_word' id='word_1_132' title='bbox 708 3309 775 3374; x_wconf 76' lang='lat' dir='ltr'>eut</span> <span class='ocrx_word' id='word_1_133' title='bbox 791 3291 939 3384; x_wconf 81' lang='lat' dir='ltr'>scribet,</span> <span class='ocrx_word' id='word_1_134' title='bbox 952 3289 1013 3370; x_wconf 82' lang='lat' dir='ltr'>vel</span> <span class='ocrx_word' id='word_1_135' title='bbox 1028 3290 1193 3372; x_wconf 85' lang='lat' dir='ltr'>dormiet</span> <span class='ocrx_word' id='word_1_136' title='bbox 1213 3293 1338 3377; x_wconf 81' lang='lat' dir='ltr'>intus:</span> <span class='ocrx_word' id='word_1_137' title='bbox 1429 3334 1432 3349; x_wconf 78' lang='lat'><em>=</em></span> 
     </span>
    </p>

    <p class='ocr_par' dir='ltr' id='par_1_9' title="bbox 278 3431 1232 3547">
     <span class='ocr_line' id='line_1_21' title="bbox 278 3431 1232 3547; baseline -0.01 -23"><span class='ocrx_word' id='word_1_138' title='bbox 278 3442 462 3547; x_wconf 79' lang='lat' dir='ltr'><strong>Namque</strong></span> <span class='ocrx_word' id='word_1_139' title='bbox 478 3441 570 3522; x_wconf 85' lang='lat' dir='ltr'>facit</span> <span class='ocrx_word' id='word_1_140' title='bbox 585 3439 763 3520; x_wconf 81' lang='lat' dir='ltr'>sonmum</span> <span class='ocrx_word' id='word_1_141' title='bbox 779 3435 901 3520; x_wconf 77' lang='lat' dir='ltr'>clausa</span> <span class='ocrx_word' id='word_1_142' title='bbox 914 3435 1047 3518; x_wconf 73' lang='lat' dir='ltr'>lettica</span> <span class='ocrx_word' id='word_1_143' title='bbox 1057 3431 1232 3517; x_wconf 84' lang='lat' dir='ltr'>fenestra.</span> 
     </span>
    </p>

    <p class='ocr_par' dir='ltr' id='par_1_10' title="bbox 279 3583 1332 3690">
     <span class='ocr_line' id='line_1_22' title="bbox 279 3583 1332 3690; baseline -0.011 -13"><span class='ocrx_word' id='word_1_144' title='bbox 279 3597 387 3676; x_wconf 86' lang='lat' dir='ltr'>Ante</span> <span class='ocrx_word' id='word_1_145' title='bbox 402 3612 531 3671; x_wconf 83' lang='lat' dir='ltr'>tamen</span> <span class='ocrx_word' id='word_1_146' title='bbox 548 3587 674 3669; x_wconf 84' lang='lat' dir='ltr'>veniet</span> <span class='ocrx_word' id='word_1_147' title='bbox 690 3616 699 3666; x_wconf 79' lang='lat' dir='ltr'>r</span> <span class='ocrx_word' id='word_1_148' title='bbox 730 3586 840 3668; x_wconf 85' lang='lat' dir='ltr'>nobis</span> <span class='ocrx_word' id='word_1_149' title='bbox 857 3585 1147 3690; x_wconf 79' lang='lat' dir='ltr'>properantibus</span> <span class='ocrx_word' id='word_1_150' title='bbox 1164 3583 1287 3666; x_wconf 81' lang='lat' dir='ltr'>obstet</span> <span class='ocrx_word' id='word_1_151' title='bbox 1326 3665 1332 3678; x_wconf 77' lang='grc'>,</span> 
     </span>
    </p>

    <p class='ocr_par' dir='ltr' id='par_1_11' title="bbox 279 3731 1379 3847">
     <span class='ocr_line' id='line_1_23' title="bbox 279 3731 1379 3847; baseline -0.002 -25"><span class='ocrx_word' id='word_1_152' title='bbox 279 3741 397 3822; x_wconf 86' lang='lat' dir='ltr'>Unda</span> <span class='ocrx_word' id='word_1_153' title='bbox 412 3741 537 3847; x_wconf 85' lang='lat' dir='ltr'>prior:</span> <span class='ocrx_word' id='word_1_154' title='bbox 564 3765 705 3839; x_wconf 83' lang='lat' dir='ltr'>magno</span> <span class='ocrx_word' id='word_1_155' title='bbox 722 3737 890 3842; x_wconf 73' lang='lat' dir='ltr'>populun</span> <span class='ocrx_word' id='word_1_156' title='bbox 901 3735 1043 3840; x_wconf 80' lang='lat' dir='ltr'>premit</span> <span class='ocrx_word' id='word_1_157' title='bbox 1059 3733 1211 3833; x_wconf 81' lang='lat' dir='ltr'>agmine</span> <span class='ocrx_word' id='word_1_158' title='bbox 1226 3731 1379 3820; x_wconf 74' lang='lat' dir='ltr'>lumbos</span> 
     </span>
    </p>

    <p class='ocr_par' dir='ltr' id='par_1_12' title="bbox 278 3875 1510 3994">
     <span class='ocr_line' id='line_1_24' title="bbox 278 3875 1510 3994; baseline 0.002 -29"><span class='ocrx_word' id='word_1_159' title='bbox 278 3889 362 3994; x_wconf 82' lang='lat' dir='ltr'>Qi</span> <span class='ocrx_word' id='word_1_160' title='bbox 376 3887 570 3991; x_wconf 85' lang='lat' dir='ltr'>sequitur:</span> <span class='ocrx_word' id='word_1_161' title='bbox 596 3885 685 3966; x_wconf 85' lang='lat' dir='ltr'>ferit</span> <span class='ocrx_word' id='word_1_162' title='bbox 700 3884 765 3966; x_wconf 91' lang='lat' dir='ltr'>hic</span> <span class='ocrx_word' id='word_1_163' title='bbox 780 3884 927 3976; x_wconf 85' lang='lat' dir='ltr'>cubito,</span> <span class='ocrx_word' id='word_1_164' title='bbox 945 3875 1155 3961; x_wconf 80' lang='lat' dir='ltr'>feritnffere</span> <span class='ocrx_word' id='word_1_165' title='bbox 1170 3877 1269 3960; x_wconf 86' lang='lat' dir='ltr'>duro</span> <span class='ocrx_word' id='word_1_166' title='bbox 1299 3911 1302 3918; x_wconf 88' lang='lat'>·</span> <span class='ocrx_word' id='word_1_167' title='bbox 1351 3890 1424 3986; x_wconf 58' lang='lat'>24}</span> <span class='ocrx_word' id='word_1_168' title='bbox 1504 3919 1510 3930; x_wconf 66' lang='lat'><strong><em>¹</em></strong></span> 
     </span>
    </p>

    <p class='ocr_par' dir='ltr' id='par_1_13' title="bbox 276 4030 1348 4136">
     <span class='ocr_line' id='line_1_25' title="bbox 276 4030 1348 4136; baseline 0.004 -22"><span class='ocrx_word' id='word_1_169' title='bbox 276 4035 389 4114; x_wconf 89' lang='lat' dir='ltr'>Alter</span> <span class='ocrx_word' id='word_1_170' title='bbox 404 4069 417 4126; x_wconf 69' lang='grc' dir='ltr'><strong><em>ς</em></strong></span> <span class='ocrx_word' id='word_1_171' title='bbox 443 4051 482 4112; x_wconf 89' lang='lat' dir='ltr'>at</span> <span class='ocrx_word' id='word_1_172' title='bbox 499 4031 564 4113; x_wconf 88' lang='lat' dir='ltr'>hic</span> <span class='ocrx_word' id='word_1_173' title='bbox 581 4035 733 4136; x_wconf 85' lang='lat' dir='ltr'>tignum</span> <span class='ocrx_word' id='word_1_174' title='bbox 746 4031 863 4135; x_wconf 85' lang='lat' dir='ltr'>capiti</span> <span class='ocrx_word' id='word_1_175' title='bbox 881 4033 1031 4123; x_wconf 88' lang='lat' dir='ltr'>incutit,</span> <span class='ocrx_word' id='word_1_176' title='bbox 1050 4030 1113 4110; x_wconf 90' lang='lat' dir='ltr'>ille</span> <span class='ocrx_word' id='word_1_177' title='bbox 1128 4047 1348 4118; x_wconf 80' lang='lat' dir='ltr'>metretam:</span> 
     </span>
    </p>

    <p class='ocr_par' dir='ltr' id='par_1_14' title="bbox 274 4145 1425 4414">
     <span class='ocr_line' id='line_1_26' title="bbox 274 4145 1425 4300; baseline 0.004 -42"><span class='ocrx_word' id='word_1_178' title='bbox 274 4145 445 4283; x_wconf 65' lang='lat' dir='ltr'>Pinguiu</span> <span class='ocrx_word' id='word_1_179' title='bbox 454 4205 562 4260; x_wconf 83' lang='lat' dir='ltr'>crura</span> <span class='ocrx_word' id='word_1_180' title='bbox 576 4178 670 4275; x_wconf 66' lang='lat' dir='ltr'>into,</span> <span class='ocrx_word' id='word_1_181' title='bbox 689 4177 820 4300; x_wconf 75' lang='lat' dir='ltr'>planta</span> <span class='ocrx_word' id='word_1_182' title='bbox 833 4202 927 4276; x_wconf 82' lang='lat' dir='ltr'>utox</span> <span class='ocrx_word' id='word_1_183' title='bbox 943 4177 1112 4298; x_wconf 79' lang='lat' dir='ltr'>undique</span> <span class='ocrx_word' id='word_1_184' title='bbox 1128 4201 1268 4280; x_wconf 80' lang='lat' dir='ltr'>rung-nt</span> <span class='ocrx_word' id='word_1_185' title='bbox 1418 4197 1425 4240; x_wconf 79' lang='lat'>⁷</span> 
     </span>
     <span class='ocr_line' id='line_1_27' title="bbox 308 4317 1407 4414; baseline 0.005 -6"><span class='ocrx_word' id='word_1_186' title='bbox 308 4329 310 4336; x_wconf 80' lang='grc'>’</span> <span class='ocrx_word' id='word_1_187' title='bbox 1314 4317 1407 4414; x_wconf 60' lang='lat'>0²12</span> 
     </span>
    </p>
   </div>
   <div class='ocr_carea' id='block_1_3' title="bbox 0 0 1676 5334">
    <p class='ocr_par' dir='ltr' id='par_1_15' title="bbox 0 0 1676 5334">
     <span class='ocr_line' id='line_1_28' title="bbox 0 0 1676 5334; baseline 0 5"><span class='ocrx_word' id='word_1_188' title='bbox 0 0 1676 5334; x_wconf 95' lang='lat' dir='ltr'> </span> 
     </span>
    </p>
   </div>
  </div>
 </body>
</html>
