3342 5334
415 409 1111 550 Y'JuvrnnrrsSarrua‘II.
1301 416 1370 561 ‘¹9

222 635 406 724 Herculis
424 629 620 738 invadunt,
640 661 680 726 et
696 643 744 726 de
762 642 902 728 virtute
921 647 1043 732 locuti
1206 651 1210 664 ⁴
1319 641 1369 748 no

172 892 176 900 x
221 790 393 882 Clunetn
410 793 573 892 agitant:
599 819 673 895 ego
694 810 732 873 te
745 775 957 890 ceventemss
975 799 1102 896 Sexte,
1120 805 1289 908 verebor,
1362 791 1366 797 ⁸

221 921 382 1020 Infamis
399 929 565 1022 Varillus
583 942 661 1042 ait?
687 969 765 1044 quo
781 941 947 1024 deterior
969 947 1037 1028 te?

221 1081 454 1184 Loripedem
471 1071 594 1168 rectus
612 1087 792 1182 derideat,
810 1089 1037 1196 AEthiopem
1054 1097 1174 1186 albus.

223 1231 335 1338 Qis
341 1234 470 1315 tulerit
486 1236 681 1318 Gracchos
699 1237 747 1318 de
764 1239 944 1321 seditione
962 1243 1252 1344 querentesi'

205 1371 320 1483 st
337 1381 482 1461 coelum
499 1384 606 1463 terris
631 1411 709 1466 non
726 1384 901 1481 misceat,
914 1406 953 1469 et
969 1419 1073 1476 mare
1090 1401 1204 1498 stein,
1313 1375 1366 1530 52

221 1527 261 1606 Si
279 1527 342 1609 fur
359 1531 552 1632 displiceat
566 1531 692 1626 Verri,
716 1532 912 1616 homicida
929 1539 1102 1624 Miloni?

222 1673 386 1761 Clodius
404 1655 553 1763 accuset
565 1682 753 1778 moechos‚
773 1685 939 1768 Catilina
956 1692 1204 1799 Cethegum?

217 1821 266 1906 In
283 1829 454 1909 tabulam
470 1831 579 1934 Syllae
593 1831 621 1911 fi
637 1832 766 1951 dicant
783 1834 957 1944 discipuli
974 1845 1079 1924 tres?

219 1975 354 2082 Qalis
371 1979 451 2058 erat
465 1951 588 2080 nuper
606 1984 749 2082 tragico
765 1961 937 2086 pollutus
956 1987 1105 2075 adulter
1355 2109 1356 2112 Ν

206 2123 467 2206 Concubitu:
493 2126 562 2228 qui
578 2143 672 2207 tunc
688 2125 1007 2230 leges-revocabat
1024 2167 1168 2227 amaras
1191 2181 1194 2190 Δ
1283 2185 1285 2192 ’
1313 2159 1366 2272 3⁶.

218 2273 427 2371 Omnibus,
446 2297 561 2380 atque
576 2277 663 2382 iplis
682 2265 824 2364 Veneri
839 2287 1039 2393 Martique
1056 2293 1259 2402 timendas,
1398 2330 1402 2338 “

218 2421 324 2504 Cum
341 2442 399 2506 tot
417 2425 595 2506 abortivis
612 2427 834 2524 foecundam
850 2435 954 2534 Julia
969 2441 1130 2529 vulvam
1152 2443 1154 2448 ’

217 2569 398 2664 Solveret,
411 2589 451 2652 et
463 2591 602 2674 patruo
617 2573 979 2666 simileseffunderit
992 2589 1113 2672 offas?
1358 2695 1361 2706 Ι

215 2715 360 2798 Nonne
376 2721 494 2822 igitur
504 2719 591 2824 jure
608 2749 651 2803 ac
666 2727 807 2806 merito
823 2729 915 2808 vitia
937 2733 1074 2819 ultima
1089 2741 1197 2828 fictos
1220 2815 1222 2824 r
1256 2777 1261 2783 ·

215 2867 483 2949 Contemnunt
499 2863 670 2965 Scauros,
688 2893 727 2954 et
743 2875 923 2978 castigata
937 2885 1185 2972 remordent?
1287 2885 1291 2896 ⁴
1311 2931 1336 3008 3
1339 2935 1363 3010 5

213 3012 258 3093 N
259 3039 310 3093 on
326 3017 415 3096 tulit
431 3043 479 3096 ex
494 3018 569 3098 illis
587 3038 738 3102 torvum
754 3023 920 3108 Laronia
936 3036 1131 3132 quendam

214 3159 460 3243 Clamantem
473 3166 607 3246 toties:
633 3167 701 3246 ubi
718 3198 821 3251 nunc
839 3173 902 3254 lex
916 3179 1047 3280 Julia?
1065 3185 1236 3272 dormis?

213 3308 373 3410 Atque
362 3329 415 3390 1ta
430 3310 648 3394 subridens.
675 3315 801 3398 felicia
817 3340 1004 3425 tempora,
1028 3359 1113 3433 quae
1132 3343 1171 3417 t'e

128 3505 131 3510 -
212 3449 395 3534 Moribus
409 3477 637 3556 opponunt.
662 3461 828 3544 habeat
810 3494 896 3568 Jam
919 3472 1049 3556 Roma
1064 3473 1267 3580 pudorem.

212 3572 402 3688 Tertiuse
418 3598 516 3678 coelo
532 3595 674 3682 cecidit
688 3606 799 3688 Cato.
843 3613 916 3692 Sed
932 3633 1063 3699 tamen
1079 3627 1182 3708 unde
1279 3654 1364 3734 40

212 3735 310 3818 Haec
322 3741 432 3834 emis,
447 3740 592 3826 hirsuto
608 3746 758 3848 spir-ant
765 3755 1006 3856 opobalsama
1021 3765 1122 3848 collo

26 3875 31 3889 .
162 3956 164 3960 Α
212 3881 311 3987 Qae
254 3883 424 3964 utibi?
439 3913 498 3972 ne
513 3891 656 3992 pudeat
667 3894 879 3980 dominum
886 3907 1093 3992 monstrare
1106 3913 1285 4004 tabernae.
1353 3933 1358 3946 '

212 4021 375 4131 Qodst
398 4053 584 4116 vexantur
599 4039 714 4142 leges,
734 4071 777 4125 ac
791 4045 892 4150 jura,
909 4054 1019 4138 citari

186 4139 316 4276 ⁸tlnte
332 4203 466 4262 omnes
479 4180 592 4270 debet
611 4187 813 4278 Scantinia.
848 4197 1011 4306 Respice
1020 4206 1197 4308 primum
1297 4209 1299 4216 ’

1301 4359 1356 4445 Et
