3350 5336
287 459 420 624 ἰμ’
551 475 1120 612 Juvauanrstn'rvna
1160 491 1274 592 XIH.

635 913 968 1022 sATYRA
1002 919 1133 1050 xm.

386 1149 556 1255 Xemplo
568 1149 842 1254 quodcumque
858 1150 964 1232 malo
978 1155 1248 1250 committitur,
1274 1157 1343 1260 ipsi

409 1299 598 1404 Displicet
611 1300 769 1382 auctori.
820 1299 950 1380 Prima
966 1299 1019 1382 est
1035 1301 1117 1384 haec
1134 1303 1246 1398 ultio,
1271 1306 1376 1407 quod
1392 1307 1433 1388 se

305 1444 457 1550 Judice,
482 1471 599 1527 nemo
616 1471 756 1525 nocens
773 1444 988 1562 abioivitur,
1013 1448 1190 1551 improba
1206 1452 1381 1553 quamvis

307 1589 445 1671 Gratia
459 1588 588 1670 fallaci-
599 1589 768 1692 pratoris
783 1589 918 1670 vicerit
935 1617 1041 1672 urna.

308 1737 418 1844 Qd
431 1735 567 1816 sentire
583 1737 694 1841 putas
708 1741 858 1830 omnes,
883 1737 1055 1832 Caivine,
1082 1741 1243 1822 recenti'
1304 1716 1307 1723 ⁵
1390 1759 1396 1772 ‘
1438 1769 1462 1850 ς

307 1883 373 1966 De
385 1879 538 1970 scelere,
562 1897 602 1960 et
617 1877 706 1958 fidei
719 1879 868 1960 violatae
884 1881 1072 1964 crimine?
1097 1884 1160 1965 sed
1177 1859 1248 1968 nec
1311 1967 1313 1974 ,

306 2027 415 2107 Tam
430 2024 554 2105 tenuis
570 2021 701 2103 census
716 2023 789 2106 tibi
801 2024 979 2126 contigit,
1007 2043 1052 2108 ut
1068 2015 1272 2124 medioeris
1370 2053 1376 2064 ·
1505 2089 1510 2102 .

306 2175 472 2284 Jatturae
489 2183 694 2271 temergat
708 2193 829 2254 onus:
855 2187 932 2256 nec'
945 2199 1026 2260 rara
1040 2173 1230 2269 videmus¹
1262 2237 1270 2246 .

306 2323 408 2430 Qae
425 2317 588 2420 pateris3
613 2316 718 2406 casus
731 2297 865 2398 multis
880 2317 945 2400 hic
961 2323 1154 2424 cagnitus,
1179 2323 1319 2430 acjarn

309 2469 470 2564 Tritus,'
487 2487 526 2550 et
542 2467 710 2550 e'rnedio
725 2464 889 2549 fortuna
906 2465 1040 2554 rums
1056 2481 1205 2566 acerva
1278 2489 1282 2499 ·
1417 2503 1467 2574 ω,

308 2615 503 2696 Ponamus
520 2611 660 2692 nimios
676 2609 864 2710 'gemitum
889 2605 1107 2710 flagrantior
1125 2629 1236 2718 aeq'uu

309 2761 402 2844 Non
417 2760 532 2842 debet
548 2756 657 2838 dolor
671 2753 743 2838 effe
759 2754 843 2854 viri,
869 2781 941 2841 nec
957 2755 1112 2848 vulnere
1128 2761 1262 2866 major.

306 2911 375 2992 Tu
391 2907 564 3013 quamvis
577 2904 725 2984 levium
742 2901 946 2984 minimam
962 2905 1219 3014 exiguamque
1235 2913 1426 3000 malorum

307 3053 621 3138 Particulam‘vix
635 3029 733 3132 ferre
749 3069 872 3154 potes,
897 3049 1162 3156 spumantibus
1179 3059 1311 3140 ardens

308 3203 540 3296 Visceribus,
562 3201 710 3282 sacmm
728 3197 800 3278 tibi
815 3197 921 3299 quud
940 3225 1017 3310 non
1035 3201 1166 3292 reddat
1184 3208 1329 3294 amicus
1415 3239 1461 3314 ις

159 3393 204 3414 ,‚
307 3347 549 3456 Depofirum.
600 3342 847 3448 Stupethaeo,
875 3341 1037 3448 quijam
1053 3345 1137 3449 post
1156 3366 1263 3462 terga
1279 3345 1433 3458 reliquit
1530 3377 1540 3384 -

309 3495 513 3597 Sexaginta
528 3518 660 3577 annos.
678 3487 843 3572 Fonteio
858 3489 1011 3572 consule
1029 3491 1166 3572 natur?

300 3645 376 3723 *An
394 3607 492 3718 nihil
507 3635 548 3716 in
566 3633 704 3716 melius
721 3650 781 3713 tot
795 3661 924 3714 rerum
940 3632 1093 3734 proficis
1110 3634 1206 3716 usu?

310 3791 460 3892 Magna
477 3785 650 3890 quidem,
674 3783 785 3864 sacris
802 3811 888 3884 quae
904 3783 969 3863 dat
987 3795 1176 3888 praeeepta
1191 3787 1345 3886 libellis,
1449 3845 1451 3856 ·
1471 3795 1473 3802 ’

309 3934 461 4012 Vistrix
477 3931 656 4010 Fortunae
671 3927 861 4030 sapientia.
912 3929 1091 4009 Dicimus
1109 3947 1239 4014 autem
1415 3965 1463 4024 20
1495 4035 1496 4042 Ν

309 4075 568 4176 Hea'quoque
584 4067 728 4164 felices,
752 4073 822 4172 qui
838 4071 936 4152 ferre
950 4051 1200 4154 incommoda
1215 4075 1314 4170 vita,
1382 4155 1389 4164 ,

309 4218 701 4330 Necjattarejugum
718 4221 798 4302 vita
812 4221 976 4302 didicere
992 4223 1182 4340 magistra,

1357 4372 1462 4480 Qae
