3354 5344
457 549 1183 696 JouruntrsstcrunXV.
1311 581 1409 678 149

257 779 354 898 Odit
373 799 532 886 uterque
545 780 679 869 ‘locus3
704 803 795 862 cum
813 779 907 860 solos
924 777 1057 860 credat¹
1069 775 1264 857 habendos

257 923 343 1005 Effe
361 926 479 1019 Deos,
497 952 594 1030 quos
613 891 689 1024 ip'se
707 924 812 1003 colit.
846 955 849 961 ·
865 922 937 1002 Sed
957 919 1247 1024 tempore'festo

256 1066 428 1148 Alterius
444 1068 580 1170 populi
595 1066 773 1168 rapienda
789 1065 933 1145 occafio
956 1065 1103 1144 cunetis

256 1205 347 1288 Visa
360 1207 606 1291 inimicorum
623 1207 855 1310 primoribus
873 1234 916 1286 ac
933 1206 1114 1298 ducibus,
1140 1232 1189 1288 ne
1300 1245 1306 1291 ;
1353 1227 1404 1299 40

189 1417 193 1430 ,
256 1355 410 1436 Letum
426 1355 663 1459 hilaremque
679 1357 796 1449 diem,
815 1385 863 1468 ne
880 1332 1028 1458 magnae
1044 1355 1181 1456 gaudia
1196 1378 1316 1440 coenae
1373 1359 1375 1364 ’

259 1500 462 1595 Sentirent,
487 1501 616 1605 potitis
633 1501 680 1580 ad
698 1501 842 1601 templa
856 1520 894 1580 et
909 1501 1078 1602 compita
1096 1501 1244 1592 mensis,
1325 1497 1333 1506 “
1446 1493 1448 1497 ’

259 1643 515 1748 Pervigilique
533 1663 630 1736 toro,
647 1671 764 1745 quem
783 1646 893 1722 nodie
909 1669 954 1722 ac
967 1643 1053 1722 luce
1062 1641 1257 1746 jacentem

244 1773 450 1889 'Septimus
467 1789 661 1870 interdurn
678 1788 730 1869 sol
748 1789 905 1868 invenit.
957 1789 1123 1870 Horrida
1137 1790 1222 1870 sane
1240 1885 1244 1892 Ὺ

257 1931 472 2034 AEgyptus:
498 1932 561 2012 sed
577 1933 738 2026 luxuria,
755 1955 944 2036 quantum
960 1934 1037 2036 ipse
1053 1939 1207 2048 notavi„
1354 1969 1378 2034 4
1382 1948 1410 2041 ς’
1485 2007 1488 2012 .

258 2072 423 2153 Barbara
439 2057 585 2156 famoso
602 2104 678 2156 non
696 2078 797 2158 cedit
816 2079 925 2158 turba
945 2081 1118 2180 Canopo,
1140 2167 1150 2182 a

258 2217 371 2300 Adde
388 2219 494 2321 quod
511 2219 685 2300 etfacilis
703 2222 856 2300 vidioria
874 2221 920 2300 de
938 2222 1099 2300 madidis
1114 2239 1155 2317 et

259 2363 397 2457 Blaefis,
415 2383 531 2467 atque
547 2392 655 2455 mero
673 2364 940 2455 titubantibus.
992 2365 1086 2452 Inde
1102 2367 1273 2448 virorum

259 2510 421 2593 Saltatus
437 2511 548 2616 nigro
565 2511 735 2607 tibicine,
758 2478 1039 2620 qualiacunque

260 2659 486 2764 Unguenta,
505 2677 545 2740 et
561 2657 685 2753 flores,
703 2658 911 2761 multaeque
927 2658 967 2738 in
985 2659 1112 2744 fronte
1127 2689 1299 2750 coronaer
1359 2683 1414 2770 50'

260 2803 559 2911 Hincjejunum
575 2806 723 2887 odium.
774 2805 846 2892 sed
855 2802 985 2907 jurgia
1000 2808 1127 2910 prima
1142 2808 1270 2894 sonare
1401 2873 1404 2878 -

260 2953 458 3056 incipiunt
474 2953 609 3034 animis
627 2951 866 3038 ardentibus:
891 2951 975 3040 h'aec
994 2952 1086 3034 tuba
1104 2957 1208 3048 rixae.
1231 3041 1234 3055 ⁸

260 3100 365 3186 Dein
382 3101 547 3182 clamore
564 3099 645 3201 pari
661 3100 915 3192 concurritur,
933 3119 972 3179 et
987 3100 1069 3180 vice
1087 3101 1154 3186 teli

263 3249 377 3330 Saevit
392 3249 495 3330 nuda
510 3275 668 3338 manus:
694 3274 822 3350 paucae
838 3229 914 3327 fine
930 3248 1085 3334 vulnere
1101 3238 1233 3331 malae:

263 3391 344 3486 Vix
361 3393 544 3495 cuiquam
563 3409 630 3470 aut
646 3390 742 3480 nulli
759 3408 842 3476 toto
855 3394 1064 3479 certamine
1080 3394 1189 3474 nasus
1243 3398 1250 3418 ‘
1361 3421 1381 3498 ς
1386 3421 1406 3500 ς

262 3540 430 3639 integer.
480 3535 676 3638 Aspiceres
685 3533 770 3639 jam
788 3541 925 3624 cuncta
942 3565 1010 3642 per
1026 3537 1179 3638 agmina
1194 3539 1321 3622 vultus
1439 3647 1442 3653 Ι

262 3685 472 3779 Dimidios,
489 3685 579 3764 alias
595 3682 723 3778 facies,
742 3703 781 3765 et
797 3684 1078 3787 hiantiaruptis
1132 3735 1136 3744 .
1262 3731 1271 3745 κ

263 3835 353 3916 offa
369 3837 490 3935 genis,
509 3835 642 3938 plenos
660 3832 861 3912 oculorum
877 3831 1055 3952 sanguine
1071 3861 1233 3936 pugnos.
1308 3887 1311 3896 ι

217 3985 415 4098 ΙΙιιιεκπε
432 3985 468 4064 se
484 3984 646 4066 credunt
663 3983 731 4086 ipfi
751 4003 892 4074 tamen,
912 4001 951 4061 et
966 3971 1127 4082 pueriles
1229 4024 1230 4027 κ
1322 4043 1325 4052 «

262 4135 451 4228 Exeruere
466 4137 578 4228 acies,
596 4133 700 4235 quod
715 4132 818 4213 nulla
836 4132 1014 4213 cadavera
1031 4132 1196 4229 calcent,
1230 4207 1232 4212 .
1335 4171 1337 4178 ·
1392 4117 1398 4126 ¹

264 4283 316 4378 Et
330 4283 415 4380 sane
431 4311 510 4403 quo
528 4302 586 4376 tot
604 4283 758 4378 rixantis
775 4280 897 4362 millia
915 4277 1054 4384 turbae,

801 4428 955 4545 u,
