3342 5334
308 813 310 822 Α
360 663 448 782 D.
461 661 644 825 Junii
667 655 973 826 Juvenalis
1000 652 1302 815 Aquinatis
1357 559 1367 574 ·

480 910 607 1059 ‡V
715 908 753 1061 Ι
861 905 971 1059 Τ.
1042 912 1145 1057 A.
1442 886 1449 892 ’
1558 887 1561 908 ’

406 1253 683 1336 QUINATEM
700 1231 736 1316 se
751 1229 829 1344 rpse
840 1231 1006 1314 testatur
1008 1227 1233 1341 Juvenahs
1247 1234 1385 1340 Satyra

345 1385 450 1466 3
439 1365 611 1466 Ji..319
624 1355 812 1442 libertino
826 1356 1002 1465 quodam
1018 1373 1130 1465 patre
1145 1375 1300 1450 natum
1318 1358 1385 1438 aiii

227 1429 474 1566 duntaxat
500 1485 551 1565 ab
579 1510 627 1565 eo
646 1483 861 1565 educatum
880 1481 1072 1565 referunt.
1115 1481 1309 1572 Eruditus
1330 1485 1421 1566 esta

182 1643 254 1736 4
275 1635 300 1692 a
318 1605 524 1691 Frontone
539 1605 854 1701 Grammatico,
864 1633 888 1686 a
906 1601 1185 1715 Qntirhano
1207 1606 1385 1688 Rhetore

272 1733 410 1830 etiam,
429 1749 478 1814 ut
500 1732 647 1824 volunt
665 1728 867 1812 nonnulli.
896 1733 1014 1812 Certe
1035 1727 1100 1810 hic
1124 1729 1172 1809 de
1191 1732 1384 1836 Juvenale
1427 1725 1429 1732 ’
1506 1781 1512 1788 -

192 1901 197 1910 κ
273 1857 421 1943 dicitur
447 1855 561 1967 loqui
579 1857 654 1938 lib.
663 1883 724 1938 10.
749 1880 878 1966 cap31.
902 1852 976 1936 ubi
996 1852 1191 1964 Satyrieos
1214 1855 1381 1936 laudans

141 2023 143 2026 ·
202 1975 206 1984 ’
274 1983 430 2080 Poetae,
451 1984 546 2064 Sunt
561 1981 661 2064 clari
683 1981 783 2064 hadre
806 2009 950 2094 quoque,
981 1997 1018 2060 et
1034 2008 1094 2088 qur
1090 1978 1209 2059 olim
1216 1981 1384 2061 nomina-

273 2108 436 2192 bantur.
470 2105 629 2189 Floruit
666 2105 739 2190 sub
773 2104 1089 2218 Imperatoribus
1129 2103 1382 2203 Domitiano,

142 2321 147 2332 ,
245 2231 420 2330 gNerva,
452 2229 646 2338 Traiano,
685 2230 921 2314 Hadriano
931 2226 1065 2327 etiam,
1101 2244 1149 2309 ut
1187 2255 1236 2310 ex
1274 2228 1383 2312 Edit.

274 2356 423 2469 Delph.
445 2355 566 2439 Notis
586 2355 797 2438 constabit.
870 2441 872 2448 ,

187 2561 193 2565 -
283 2500 536 2612 „JLipsrus
552 2499 755 2612 Epistolic
770 2499 919 2613 Qaest.
935 2441 1073 2609 Lib.4.
1093 2501 1218 2614 Epist.
1232 2520 1297 2585 20'
1317 2506 1383 2586 De
1476 2469 1520 2621 β]

34 2712 41 2726 ,
129 2672 133 2677 ·
273 2627 462 2743 Juvenal
445 2657 477 2708 ts
513 2643 623 2707 aetate
647 2653 715 2706 non
738 2625 785 2706 ab
808 2657 850 2706 re
872 2626 1097 2726 dubitatur,
1091 2629 1251 2738 inquit.
1299 2633 1408 2712 De-·

258 2748 459 2858 ‘clamavit
477 2750 532 2831 ad
540 2719 713 2830 mediam
732 2747 814 2830 fere
832 2766 1004 2850 aetatem,
1024 2750 1271 2859 forensesque
1285 2779 1384 2833 cau-·

271 2874 329 2958 sas
349 2873 430 2986 egit
449 2901 534 2956 non
545 2873 625 2956 fine
641 2873 758 2954 laude
776 2873 817 2955 et
836 2873 977 2982 gloria.
997 2874 1137 2957 Postea
1156 2876 1206 2956 ad
1223 2879 1380 2988 Satyras
1485 2929 1491 2977 ·.

269 2998 569 3108 componendas
597 2995 782 3079 ani-mum
818 2997 987 3109 appulit.
1034 3002 1092 3080 At
1120 2997 1164 3080 in
1197 2998 1382 3084 Paridem

28 3156 33 3166 ·
83 3174 89 3183 ·
273 3123 447 3206 mimum
472 3121 603 3203 versus
630 3121 822 3230 quosdam
843 3151 928 3205 non
950 3123 1138 3208 absurdos
1157 3152 1253 3206 cum
1274 3128 1382 3236 pub·

421 3309 431 3343 ‚
1041 3297 1053 3326 A
1402 3284 1416 3312 .
1468 3291 1472 3306 ,

225 3425 227 3432 ·
270 3368 380 3450 haud
399 3365 535 3450 leviter
554 3363 734 3447 offendit.
765 3367 827 3453 De
845 3365 907 3446 his
925 3369 1046 3476 Sat.7.
1066 3393 1080 3447 r
1090 3395 1126 3474 5,
1146 3387 1187 3449 et
1202 3371 1264 3452 16.
1286 3372 1381 3454 Illos
1537 3389 1540 3396 ’

270 3493 395 3602 igitur
409 3493 565 3602 pudore
584 3508 623 3571 et
642 3490 700 3570 ira
719 3489 889 3600 percitos
908 3491 957 3571 de
977 3493 1169 3598 Juvenale
1189 3521 1381 3578 amoven·
1476 3547 1478 3551 ·
1630 3579 1637 3588 ,

76 3665 111 3700 ⁴.
230 3643 235 3654 ’
270 3619 324 3700 do
349 3612 531 3724 cogitaffe
559 3613 738 3709 tradunt,
769 3630 889 3722 atque
916 3612 987 3694 sub
1014 3614 1193 3725 honoris·
1209 3619 1383 3702 obtentu

82 3712 111 3752 'i
270 3737 464 3846 relegaffe,
494 3723 730 3846 praestitum
760 3723 921 3851 nempe
934 3736 1105 3836 cohorti,
1128 3767 1218 3850 quae
1238 3738 1281 3822 in
1306 3745 1380 3824 AE-

270 3882 446 3972 gyptum
477 3853 725 3942 mittebatur.
768 3855 976 3962 Intelletta
1004 3891 1099 3946 vero
1126 3856 1381 3975 'praefenurae

271 3985 386 4068 causa
415 3983 556 4080 dicunt
580 4011 673 4064 cum
698 3981 819 4065 taedio
845 4001 885 4064 et
912 4013 1062 4095 angore
1090 3988 1215 4070 vitam
1240 3988 1381 4073 finiisse

99 4129 107 4164 ⁸
269 4109 350 4191 illic
379 4108 468 4190 sane
496 4106 814 4216 ottogenarium.
860 4111 987 4190 Porro
1009 4111 1097 4194 haec
1126 4139 1257 4220 neque
1289 4140 1382 4198 vera

123 4327 126 4332 Ι
272 4220 421 4327 omnia,
440 4258 512 4314 nec
533 4229 654 4313 falsa.
683 4226 819 4339 Lipsro
837 4227 984 4312 teste
952 4247 1076 4334 citato
1093 4235 1197 4328 loco,
1218 4233 1430 4351 ubiJu-‘'

755 4379 779 4434 a
800 4377 822 4433 2
1194 4341 1376 4442 venalem
