3354 5344
303 433 401 532 188
610 429 805 530 Ponsn
857 431 1075 534 Sum
1122 387 1196 533 Vi.
1286 532 1292 538 .

294 647 438 734 Infelix
456 649 588 752 pecori
605 646 755 730 securus
772 667 823 743 et,
842 651 1006 754 angulus
1022 653 1089 736 ille

293 793 428 876 Vicini
444 791 571 874 nostro
588 793 679 894 quia
694 793 895 894 pinguior3
921 812 961 875 et
976 795 1005 876 fi
1022 796 1118 880 adeo
1132 823 1266 880 omnes

293 939 496 1024 Ditescant
512 937 587 1018 orti
603 932 808 1040 pejoribus,
826 937 947 1042 usque
961 939 1134 1022 recusem
1407 973 1423 1022 1
1431 969 1456 1048 ς

293 1087 447 1168 Curvus
461 1081 516 1164 ob
530 1079 571 1162 id
587 1081 712 1164 minui
727 1081 842 1178 senio,
859 1101 925 1164 aut
941 1110 1091 1167 coenare
1107 1083 1184 1168 fine
1200 1088 1332 1182 uncto,

293 1235 350 1316 Et
365 1233 518 1338 ignum
534 1233 575 1313 in
595 1231 732 1336 vapida
747 1231 836 1314 naso
853 1232 1017 1336 tetigiffe
1031 1233 1181 1337 lagena.

293 1383 494 1486 Discrepet
509 1379 572 1463 his
589 1379 698 1460 alius.
725 1380 931 1474 Geminos,
948 1379 1169 1488 horoscope,
1189 1409 1279 1466 varo

292 1535 478 1616 Producis
495 1531 625 1636 genio.
646 1529 741 1612 Solis
756 1529 959 1623 natalibus,
981 1529 1036 1616 est
1051 1531 1123 1636 qui

292 1679 444 1782 Tingat
458 1679 545 1758 olus
559 1677 703 1758 ficcum
719 1676 846 1758 muria
859 1675 963 1758 vafer
979 1678 1021 1758 in
1036 1679 1157 1762 calice
1172 1700 1317 1786 empta,
1401 1709 1457 1764 20

289 1825 380 1930 lpse
394 1824 542 1906 sacrum
559 1823 720 1904 irrorans
737 1820 876 1924 potinae
892 1821 1022 1926 piger:
1040 1822 1105 1906 hic
1123 1804 1224 1906 bona
1240 1824 1356 1907 dente

292 1969 469 2054 Grandia
484 1967 756 2070 magnanimus
775 1965 923 2070 peragit
940 1995 1051 2071 puer.
1076 1971 1189 2064 Utar,
1207 1996 1281 2074 ego
1297 1988 1398 2068 utar,

292 2115 382 2200 Nec
400 2113 584 2196 rhombos
599 2111 686 2194 ideo
701 2109 847 2238 libertio
863 2139 1007 2215 ponere
1021 2111 1166 2210 lautus,
1264 2093 1268 2101 ¹
1360 2117 1362 2130 '

291 2264 382 2348 Nee
398 2281 558 2344 tenuem
572 2259 683 2342 solers
700 2260 901 2344 turdarum
916 2261 1018 2344 noffe
1035 2263 1201 2362 salivam.

292 2404 417 2488 Meii'e
433 2422 544 2485 tenus
563 2404 717 2507 propria
732 2402 830 2496 vive,
847 2421 886 2484 et
901 2402 1086 2504 granaria,
1103 2402 1160 2486 fas
1176 2403 1244 2498 est,
1402 2431 1423 2485 2
1427 2432 1451 2510 ς

291 2549 452 2644 Emole3
472 2547 567 2658 quid
582 2551 753 2632 metuas?
766 2574 871 2644 occa,
882 2568 923 2631 et
936 2550 1038 2653 seges
1055 2551 1171 2633 altera
1186 2552 1228 2634 in
1240 2550 1360 2634 herba
1376 2553 1447 2638 est.

291 2701 365 2784 Ast
380 2717 490 2784 vocat
505 2699 701 2780 officium:
721 2698 826 2780 trabe
843 2717 968 2803 rupta,
985 2701 1135 2782 Bruttia
1150 2700 1236 2784 saxa
1338 2813 1341 2820 ‚

262 2902 266 2912 ·
292 2850 451 2936 Prendit
467 2849 612 2930 amicus
632 2849 743 2951 inops
753 2883 767 2942 3
788 2875 949 2951 remque
964 2875 1123 2930 omnem
1139 2849 1326 2955 surdaque
1342 2869 1449 2935 vota·

293 2999 481 3084 Condidit
497 2999 607 3080 ionio
614 3034 628 3091 3
641 2995 745 3100 jacet
760 2997 837 3100 ipse
852 2997 894 3077 in
909 2997 1051 3093 littore3
1068 3018 1107 3080 et
1124 3027 1199 3080 una

291 3149 471 3252 Ingentes
487 3145 535 3230 de
551 3169 681 3250 puppe
695 3144 773 3226 Dei
783 3181 796 3238 3
806 3143 969 3250 jamque
985 3148 1096 3230 obvia
1113 3151 1256 3254 mergis
1419 3179 1473 3255 30

291 3297 409 3381 Costa
424 3298 513 3378 ratis
528 3297 675 3382 lacerae.
703 3293 824 3374 Nunc
844 3312 884 3375 et
908 3296 957 3376 de
972 3297 1112 3400 cespite
1127 3300 1216 3380 vivo

292 3443 444 3546 Frange
461 3441 628 3546 aliquid3
647 3427 784 3542 largire
800 3438 921 3542 inopi,
939 3467 987 3520 ne
1003 3443 1128 3543 pistus
1145 3442 1297 3526 oberret

292 3589 471 3686 Coendoa
490 3587 531 3670 in
556 3584 697 3668 tabula.
721 3585 794 3666 Sed
818 3607 970 3666 coenam
985 3584 1131 3669 funeris
1152 3587 1272 3670 haeres

291 3729 480 3834 Negliget
496 3726 750 3828 iratus,'quod
773 3754 856 3806 rem
875 3728 1097 3822 curtaveris3
1118 3758 1223 3810 urnae

293 3875 386 3958 Offa
402 3873 560 3958 inodora
578 3870 707 3964 dabit3
725 3871 789 3951 seu
803 3869 944 3972 spirent
958 3871 1136 3954 cinnama
1150 3872 1318 3969 surdum,
1394 3901 1442 3981 35

220 4121 222 4126 ,
249 4071 253 4078 ·
293 4024 367 4104 Seu
381 4019 508 4101 ceraso
523 4035 683 4119 peccent
698 4015 814 4109 cafiae,
832 4014 972 4096 nescire
988 4035 1155 4120 paratus.

292 4170 410 4252 Tune
427 4167 529 4252 bona
544 4165 747 4250 incolumis
766 4165 943 4248 minuas?
968 4163 1031 4246 sed
1048 4165 1191 4250 Bestius
1209 4185 1320 4271 urget

1331 4311 1442 4395 Doc-
