3354 5344
472 417 475 432 ¹
549 385 763 490 Pausrr
800 383 1008 516 Saarna
1041 394 1136 514 V..
1325 381 1418 503 283

246 600 345 688 Haec
362 629 468 686 mera
482 603 650 698 libertas,
665 604 766 724 hanc
782 603 892 684 nobis
909 602 1009 706 pilea
1025 599 1183 684 donant.

246 752 313 831 An
332 747 535 850 quisquam
552 747 604 826 est
622 746 714 826 alius
731 745 840 837 libet,
859 745 926 824 nisa
943 745 1083 845 ducere
1098 745 1217 858 uitam
1273 730 1292 748 '⁵

247 889 325 967 Cui
339 888 442 980 licet,
460 906 504 968 ut
519 888 667 969 voluit?
692 889 782 968 licet
796 905 840 966 ut
857 887 943 966 volo
959 889 1105 995 vivere:
1131 913 1211 966 non
1227 878 1313 964 siun

246 1040 422 1130 Liberior
438 1041 584 1122 Bruto?
603 1039 779 1120 mendose
797 1038 957 1139 colligis,
975 1037 1103 1140 inquit
1294 1059 1297 1064 ’
1351 1046 1396 1140 85

247 1189 400 1269 storcus
419 1189 498 1281 hic,
516 1215 649 1268 aurem
664 1186 835 1266 mordaci
852 1185 954 1264 lotus
972 1203 1093 1292 aceto.

247 1339 348 1418 Haec
364 1337 510 1444 reliqua
527 1337 674 1438 accipio
679 1371 691 1427 3
710 1335 801 1415 licet
818 1333 926 1446 illud,
945 1351 996 1426 et,
1015 1352 1058 1412 ut
1075 1331 1175 1432 volo,
1196 1332 1300 1414 tolle.
1393 1341 1395 1349 ’

230 1484 429 1563 'Vindicta
444 1483 645 1587 postquam
664 1508 773 1562 meus
792 1509 814 1564 a
830 1500 990 1582 praetore
1008 1477 1147 1570 recefli,

247 1632 331 1710 Cur
348 1627 448 1744 mihi
465 1654 543 1708 non
559 1629 683 1720 liceat,
699 1623 806 1728 juffit
821 1626 1081 1728 quodcunque
1097 1624 1283 1720 voluntas,

122 1750 1076 1880 ·ammmmwm
1349 1795 1399 1874 p

247 1923 385 2015 Discc3
410 1923 472 2002 sed
488 1924 544 2000 ira
561 1921 670 2002 cadat
689 1919 790 2022 naso,
807 1918 1016 2021 rugosaque
1030 1917 1156 2009 sanna,

247 2069 360 2210 Dum
376 2088 519 2150 veteres
535 2071 634 2150 avias
651 2069 722 2149 tibi
736 2067 783 2148 de
801 2067 987 2168 pulmone
1002 2067 1152 2150 revello.

246 2207 342 2290 Non
361 2212 532 2320 praetoris
549 2227 627 2292 erat
646 2210 766 2292 stultis
784 2209 872 2290 dare
891 2212 1019 2291 tenuia
1037 2239 1165 2292 rerum
1249 2315 1251 2319 Ι

248 2358 401 2451 Officia,
419 2375 534 2462 atque
551 2358 661 2438 usum
679 2357 818 2461 rapidae
835 2360 1056 2462 permittere
1073 2360 1189 2472 vitae.-

248 2506 481 2589 Sambucam
497 2509 611 2588 citius
628 2507 752 2588 caloni
766 2507 953 2610 aptaveris
966 2506 1055 2588 alto.
1347 2539 1369 2614 9
1374 2531 1402 2616 ss
1536 2471 1539 2481 Ι

114 2715 118 2730 .
165 2741 170 2757 Ι
247 2651 330 2730 Stat
346 2667 478 2729 contra
494 2650 602 2742 ratio,
620 2669 659 2730 et
674 2637 852 2738 secretam
870 2649 1043 2750 garritio
1061 2675 1206 2743 aurem,

246 2791 313 2878 Ne
329 2793 443 2874 liceat
460 2792 584 2874 facere
601 2793 654 2886 id,
672 2787 777 2896 quod
794 2792 878 2902 quis
896 2793 1045 2874 vitiabit
1062 2795 1222 2902 agendo,

195 3009 199 3018 .
248 2943 409 3025 Publica
423 2943 487 3026 lex
503 2942 711 3024 hominum
729 2960 938 3046 naturaque
953 2945 1125 3033 continet
1141 2943 1217 3025 hoc
1233 2941 1304 3041 fas,
1340 3039 1343 3045 .

248 3095 307 3173 Ut
324 3113 451 3174 teneat
468 3095 604 3198 vetitos
620 3093 765 3175 inscitia
780 3094 915 3175 debilis
932 3097 1049 3176 astus.
1118 3195 1120 3200 Ι
1192 3184 1195 3190 ,

125 3334 129 3340 ¹
248 3235 377 3315 Diluis
394 3233 648 3330 helleborum,
667 3254 772 3350 certo
790 3234 1026 3336 compescere
1042 3241 1188 3348 pundo
1323 3249 1404 3342 roo„

247 3373 410 3456 Nescius
426 3363 588 3456 examen
597 3412 610 3468 3
636 3394 739 3459 vetat
755 3375 831 3456 hoc
847 3394 982 3456 natura
997 3355 1190 3460 medendi.

227 3585 229 3590 .
247 3521 393 3602 Navim
408 3521 436 3600 sr
452 3522 579 3624 poscat
593 3522 662 3604 fibi
679 3543 882 3626 peronatus
901 3491 1022 3620 arator

248 3665 420 3748 Luciferi
435 3667 551 3760 rudia,
571 3667 758 3748 exclamet
774 3668 987 3760 Melicerta,
1006 3665 1138 3770 perisse

247 3813 436 3898 Frontem
454 3812 502 3892 de
519 3796 643 3922 rebus}
693 3814 788 3893 Tibi
804 3789 906 3894 retro
924 3815 1049 3896 vivere
1065 3815 1142 3895 talo

247 3965 323 4044 Ars
341 3964 468 4045 dedit?
493 3984 532 4046 et
547 3966 627 4046 veri
643 3966 807 4075 speciem
824 3965 1043 4068 dignoscere
1061 3965 1187 4057 calles,
1326 3969 1401 4094 rog

246 4109 312 4194 Ne
328 4141 404 4216 qua
422 4113 605 4196 subarato
623 4092 1006 4222 mendosumftinniat
1025 4117 1139 4212 auro?
1401 4215 1408 4224 .

267 4264 269 4268 ’
729 4257 734 4277 ’
781 4263 833 4344 Μ
855 4235 911 4364 4⁴
1221 4239 1397 4377 Qaedue
