3350 5336
374 439 694 574 Juuaurur'r
727 444 941 542 durari
981 449 1058 576 IX}
1232 476 1298 578 93

160 653 344 746 Nam'rer
362 655 558 740 mortifera
574 659 628 742 est
644 659 823 743 inimicus
839 665 996 764 pumice
1004 659 1111 745 lois.
1253 693 1277 768 9
1281 675 1302 769 ς

160 801 247 910 Qri
260 799 378 882 modo
393 797 579 880 secretum
595 803 849 897 commiserat,
872 805 990 897 ardet,
1014 823 1056 885 et
1070 803 1192 897 oditr.
1242 875 1245 880 .
1288 805 1297 886 ’ζ

161 944 374 1046 Tanquam
389 941 622 1043 prodiderim
638 945 822 1048 quicquid
838 945 926 1029 scio.
957 949 959 954 ’
977 950 1133 1031 Sumere
1147 937 1307 1042 serrum,
1344 1018 1346 1024 .

162 1087 277 1170 Fuste
292 1090 436 1191 aperire
451 1104 580 1188 caput,
603 1071 802 1172 candelam
816 1099 1003 1196 apponere
1017 1093 1131 1176 valvis
1198 1101 1224 1134 ·’
1292 1167 1298 1174 .

162 1232 258 1315 Non
273 1201 435 1313 dubitat.
469 1230 572 1332 ,Nec
583 1249 908 1325 contenmaa‚‚,aut
922 1234 1114 1358 despicias,
1139 1233 1244 1338 quod
1293 1247 1298 1254 '

163 1384 240 1464 His
256 1383 393 1484 opibus
410 1405 610 1482 nunquam
625 1405 710 1459 cara
726 1377 779 1460 est
793 1403 945 1461 annona
956 1384 1108 1464 veneni.
1184 1415 1187 1422 ¹
1231 1407 1302 1466 roo

163 1530 270 1632 Ergo
284 1527 433 1608 occulta
448 1541 571 1628 tegesr
598 1541 640 1605 ut
656 1503 762 1604 curia
777 1523 917 1606 Martia
932 1525 1110 1610 Athenis.
1201 1560 1234 1600 κ
1291 1597 1295 1604 .

164 1673 203 1752 O
221 1671 419 1774 Corydoo,'
439 1667 631 1770 Corydon,
657 1667 841 1748 secretum
857 1668 981 1750 divitis
998 1671 1123 1752 ullum
1258 1764 1261 1768 ⁴
1314 1730 1320 1742 ,
1406 1689 1410 1702 ·

163 1818 249 1904 Effe
265 1819 402 1925 putas?
426 1817 519 1898 servi
536 1832 581 1896 ut
594 1819 754 1908 taceant,
771 1801 952 1920 jumenta
966 1817 1184 1922 loquentur,
1291 1819 1297 1888 ἶ

163 1966 217 2046 Et
232 1963 349 2056 canis,
374 1955 566 2063 etpostes,
591 1976 632 2038 et
646 1959 1016 2058 marmora:.claude
1030 1961 1223 2058 fenestras,
1298 2029 1301 2036 .

162 2109 260 2192 Vela
271 2115 406 2210 tegant
420 2106 547 2196 rimas,
564 2069 687 2206 judge
701 2101 806 2197 ostia,
830 2105 955 2188 tollito
971 2105 1106 2196 lumen
1200 2137 1204 2142 ·
1231 2105 1300 2212 ἰοςΙ

162 2255 199 2336 E
215 2252 357 2342 medio,
382 2247 551 2339 clament
565 2271 714 2347 omnes,
732 2275 855 2351 'prope
870 2275 986 2330 nemo
1005 2251 1204 2334 recumbat
1209 2285 1223 2345 ς
1265 2319 1270 2331 .
1294 2259 1299 2268 ’

165 2397 284 2508 Qod
301 2414 430 2480 tamen
447 2394 669 2475 adcantum
685 2393 775 2494 galli
792 2391 884 2474 facit
901 2394 965 2474 ille
979 2395 1145 2491 secundi,

163 2533 367 2630 Proximus
383 2558 471 2622 ante
487 2540 590 2622 diem'
606 2566 729 2642 caupo
745 2537 849 2630 sciet,
873 2537 1000 2621 audiet
1015 2558 1155 2648 etqua·
1224 2599 1229 2606 ·
1286 2549 1299 2608 t·

161 2692 375 2776 Finxerunt
390 2689 529 2794 pariter
543 2686 743 2778 librarium·
754 2666 1017 2790 archimagiri:

161 2843 377 2942 Oarptores.
402 2889 403 2892 κ
428 2831 547 2937 Qod
563 2829 857 2912 enimdubitant
873 2835 1102 2931 'componere
1117 2835 1264 2916 crimen
1289 2837 1299 2908 ἲ,

162 2985 210 3066 In
225 2982 416 3072 dominos,
442 2976 590 3080 quoties
607 2972 821 3078 rumoribus
839 2973 1074 3058 ulciscuntur
1137 3003 1140 3010 ·
1180 3009 1185 3022 ’
1233 2985 1300 3058 ιη’
1352 3060 1354 3062 ,

105 3143 108 3151 “
162 3125 311 3214 Baltea?
336 3151 407 3213 nec
423 3122 543 3210 deerit
557 3119 625 3223 qui
641 3137 681 3202 te
696 3148 763 3224 per
778 3122 948 3223 compita
966 3143 1109 3226 quaerat
1126 3183 1147 3210 .,
1185 3187 1188 3194 .
1289 3132 1297 3180 '⁵

161 3276 388 3370 Nolentem,
412 3266 647 3356 etmiseram
659 3266 807 3348 vinosus
823 3265 986 3348 inebriet
998 3291 1144 3355 aurem.
1291 3329 1299 3342 .

72 3515 77 3520 ,
163 3423 254 3504 Hlo's
273 3423 363 3519 ergo
379 3439 502 3516 roges,
526 3411 709 3512 quicquid
724 3409 940 3512 paulo'aote
955 3415 1110 3516 petebas
1192 3451 1194 3456 ·
1238 3445 1241 3454 ·
1296 3455 1298 3460 ·

164 3563 341 3650 duobis.
381 3560 561 3638 ‘Taceant
578 3552 658 3644 illis
684 3551 747 3632 sed
761 3551 921 3658 prodere
934 3555 1083 3639 malunt
1135 3619 1139 3626 .
1232 3583 1302 3664 τιςΥ
1363 3651 1368 3664 ,

163 3713 374 3796 Arcanum,
399 3725 518 3802 quam
532 3693 701 3803 subrepti.
712 3712 842 3798 potare
850 3695 892 3792 [F
893 3696 1022 3790 alterni,

162 3817 553 3954 Pro'populofaciens
567 3856 755 3942 quantum
770 3838 944 3926 Laufella
958 3842 1129 3932 bibebat.

161 3991 381 4076 Vivendum
398 3985 497 4064 redte
509 3979 573 4060 est
583 4007 677 4062 cunr
691 3984 847 4082 propter
858 3980 1048 4104 plurima‘
1064 4004 1149 4068 tum
1164 3989 1214 4084 de
1226 3988 1295 4072 hia

23 4209 28 4218 .
136 4137 355 4240 'Pracipue
372 4127 501 4220 causis,
526 4141 571 4206 ut
585 4123 733 4228 linguas
749 4122 1033 4226 mancipiorum
1172 4207 1175 4214 ,
1242 4205 1244 4212 ,

1197 4273 1305 4356 Con·
