3342 5334
332 469 405 564 ·44
610 435 951 576 Juvauntts
1007 441 1230 540 Snrtna
1272 465 1345 548 V1.

325 651 508 738 Atteodlt
516 651 710 760 Thymele
716 694 730 753 ς
755 657 948 762 Thymele
970 681 1064 744 tunc
1080 657 1218 742 rustica
1232 655 1356 742 discit.

329 792 403 874 Ast
419 793 513 887 aliae,
530 797 682 902 quoties
699 797 815 878 aulaea
831 798 1026 882 recondita
1048 795 1200 889 cessant,

327 935 397 1030 Et,
414 962 535 1018 vacuo
548 934 764 1041 clausoque,
789 939 921 1020 sonant
936 939 1019 1022 sora
1035 939 1111 1022 sola
1125 939 1289 1033 theatro,

276 1109 280 1120 ’
330 1077 467 1180 Atque
480 1103 503 1156 a
515 1075 674 1180 plebeiis
690 1079 804 1184 longe
816 1079 1033 1182 Megalesia,
1049 1080 1170 1160 tristes

327 1217 552 1326 Personam.
558 1217 807 1324 thyrsumque
823 1239 968 1314 tenent,
983 1239 1021 1302 et
1032 1221 1196 1324 subligar
1207 1221 1319 1309 Acci.
1425 1247 1474 1322 70

329 1361 500 1450 Urbicus
513 1363 651 1448 exodio
667 1364 785 1450 risum
809 1383 940 1446 movet
951 1363 1136 1449 Atellanae

325 1505 508 1590 Gestibus
526 1509 748 1602 Autonoesr
774 1507 881 1590 hunc
894 1508 1023 1618 diligit
1037 1506 1139 1594 AElia
1154 1535 1309 1616 pauper,

325 1649 493 1734 Solvitur
504 1651 567 1752 hic
586 1679 730 1754 magno
746 1651 913 1734 comoedi
929 1650 1058 1738 fibula.
1100 1653 1211 1746 Sunt,
1234 1679 1320 1757 quae

326 1793 629 1896 Chrysogonum
640 1813 792 1876 cantare
809 1813 949 1878 vetent.
993 1792 1173 1899 Hispulla
1188 1793 1361 1896 tragoedo

328 1936 485 2020 Gaudet
503 1967 513 2020 a
540 1965 589 2020 an
604 1939 806 2044 exspectas,
825 1957 869 2022 ut
887 1937 1150 2046 Quintilianus
1166 1935 1347 2018 ametur?
1427 1959 1449 2036 7
1454 1961 1474 2038 ς

328 2081 488 2184 Accipis
504 2109 679 2176 uxorem,
694 2083 742 2166 de
758 2112 836 2188 qua
851 2082 1081 2166 citharoedus
1098 2079 1266 2174 Echion,

326 2225 412 2312 Aut
431 2226 664 2332 Glaphyrus,
680 2227 747 2310 fiat
762 2247 882 2333 pater,
905 2225 1204 2332 Ambrosiusque
1219 2221 1430 2306 choraules.

324 2369 463 2472 longa
478 2398 546 2476 per
561 2373 737 2474 angustos
753 2370 917 2474 figamus
935 2371 1084 2476 pulpita
1098 2363 1200 2452 vicos'
1216 2399 1227 2450 a

171 2601 175 2616 q
328 2513 528 2596 Omentur
543 2515 678 2620 postes,
703 2534 742 2596 et
758 2515 892 2616 grandi
898 2511 1016 2618 janua
1032 2513 1154 2604 lauro,

329 2657 390 2764 Ut
408 2657 617 2742 testudineo
627 2658 711 2752 tibi,
729 2658 907 2750 Lentule,
919 2683 1091 2760 conopeo
1414 2659 1477 2740 180
1546 2769 1549 2776 Ι

325 2797 479 2881 Nobilis
495 2799 705 2906 Euryalum
722 2795 997 2880 mirmillonem
1012 2797 1200 2900 exprimat
1210 2792 1348 2876 infans.

327 2939 465 3044 Nupta
479 2940 640 3023 senatori
654 2941 838 3035 comitata
852 2941 906 3021 est
922 2938 1070 3044 Hippia
1085 2936 1239 3020 ludium

173 3089 177 3096 '
330 3083 396 3164 Ad
408 3083 576 3178 Pharon,
593 3103 633 3164 et
647 3081 801 3177 Nilum,
815 3081 1036 3190 famosaque
1049 3083 1192 3164 moenia
1207 3081 1319 3188 Lagi,

216 3277 221 3292 ·
328 3221 507 3327 Prodigia
520 3245 562 3322 et
576 3253 702 3308 mores
718 3225 822 3308 urbis
835 3226 1040 3308 damnante
1056 3225 1228 3327 Canopo.
1428 3221 1432 3228 ’

327 3367 545 3454 Immemor
555 3365 620 3451 illa
634 3369 785 3460 domus,
805 3384 845 3478 et
860 3363 1034 3470 conjugis
1051 3381 1167 3469 atque
1183 3363 1329 3461 sororis,
1432 3369 1478 3464 ξς

330 3511 402 3593 Nil
418 3515 548 3617 patriae
564 3514 729 3608 indulso,
752 3511 1015 3616 plorantesque
1032 3511 1208 3616 improba
1226 3526 1349 3599 natos,

332 3657 466 3762 thue
483 3657 604 3760 magis
622 3655 781 3759 stupeas,
798 3655 920 3747 ludos,
938 3652 1192 3760 Paridemque
1211 3647 1377 3751 reliquit.

335 3799 409 3880 sed
424 3828 648 3904 quanquam
662 3799 702 3878 in
721 3797 869 3900 magnis
884 3794 1035 3900 opibus,
1051 3793 1261 3897 plumaque
1272 3808 1439 3896 paterna,

334 3947 389 4028 Et
399 3945 641 4048 segmentatis
653 3941 845 4026 dormisset
863 3938 1018 4044 parvula
1030 3909 1155 4030 cunis,

205 4155 212 4166 -
336 4089 578 4196 Contempsit
595 4089 775 4200 pelagusr
792 4077 938 4170 samam
953 4079 1230 4186 contempserat
1253 4078 1360 4172 olim,
1409 4159 1413 4172 ,
1437 4104 1485 4177 90

1201 4241 1208 4250 ·
1355 4215 1484 4323 'Cujus
