3350 5336
258 501 392 626 ⁸120
523 473 837 614 Juvuururs
876 470 1223 584 sturmarii.

287 711 457 794 Fundite
472 715 558 818 qriae
574 733 661 798 mea
674 717 776 814 sunt,
801 717 966 815 dicebat,
991 725 1144 818 cuncta.
1170 695 1392 820 Catuliuu,·*'
1416 747 1446 765 ⁸·

286 859 527 966 Praecipitare
545 861 674 945 voleus
688 865 1062 969 etiampulcerrima,
1086 871 1230 952 vestem

286 1009 539 1114 Purpuream,
565 1012 703 1092 teneris
712 1029 877 1118 quoque
890 1015 1168 1100 Maecenatibus
1179 1037 1330 1124 aptam,
1351 1056 1361 1073 „
1433 1046 1441 1080 ’-

287 1158 420 1261 Atque
435 1155 539 1249 alias,
564 1181 728 1257 quarum
744 1157 911 1260 generosi
927 1150 1111 1262 ‘graminis
1128 1162 1256 1276 ipsum
1387 1191 1444 1262 40

286 1305 429 1388 Infecit
448 1323 581 1388 natura
597 1329 728 1408 perun,
752 1303 816 1386 sed
830 1307 1060 1410 etegregius
1077 1308 1178 1404 sons,
1230 1336 1234 1346 ’

287 1450 447 1534 Viribus
464 1451 623 1534 occultis
636 1468 679 1531 'et
695 1453 856 1534 Baeticus
873 1449 1024 1557 adjuvat
1039 1463 1116 1537 a'c‘t.
1152 1503 1156 1512 =

286 1600 358 1684 Ille
374 1625 447 1684 nec
463 1609 664 1702 argentum
681 1599 880 1682 dubitabat
896 1601 1061 1698 mittere,
1087 1603 1212 1688 lancea

286 1744 494 1830 Parthenio
511 1742 641 1838 sadai,
668 1753 772 1826 urnae
786 1761 942 1827 cratera
944 1773 1137 1852 capacem,

285 1885 344 1972 Et
359 1889 531 1994 dignum
523 1887 684 1968 sitiente
701 1883 837 1980 Pholo,
863 1885 923 1969 vel
939 1909 1103 1994 conjuge
1119 1891 1246 1974 Fusci
1385 1919 1438 2050 45

287 2031 402 2115 Adde
419 2049 458 2112 et
474 2027 701 2122 bascaudas,
711 2047 751 2109 et
767 2027 874 2108 mille
889 2031 1037 2127 escaria,
1063 2033 1236 2118 multum

287 2173 439 2267 Caelati,
464 2169 610 2253 biberat
625 2199 707 2275 quo
722 2169 879 2253 callidus
895 2190 1048 2276 emptor
1064 2175 1245 2280 Olynthi.

287 2320 363 2404 Sed
379 2321 466 2425 quis
484 2312 588 2400 'nunc
606 2319 715 2412 alius,
740 2343 818 2424 qua
835 2319 974 2400 mundi
992 2337 1099 2424 parte
1114 2326 1214 2430 quis,
1237 2327 1355 2410 audet
1390 2363 1400 2394 τ
1450 2341 1453 2348 ’

288 2454 464 2574 Argento
482 2465 657 2608 ptaeserre
673 2477 801 2570 caput,
827 2467 1016 2573 rebusque
1031 2470 1221 2554 salutem?
1374 2523 1376 2528 ·
1406 2497 1443 2506 ·‘·

282 2608 381 2702 Nou
397 2605 555 2720 propter
567 2601 689 2694 uitam
705 2611 853 2694 faciunt
869 2615 1098 2716 patrimonia
1112 2618 1344 2722 quidam
1349 2611 1448 2726 gd

287 2763 363 2845 Sed
378 2763 473 2846 vitio
490 2761 582 2843 caeci
598 2775 755 2862 propter
771 2759 1000 2862 patrimonia
1015 2763 1189 2846 vivunt.
1306 2795 1310 2802 ·

283 2911 601 3017 Jadiaturrerum
619 2903 774 2986 utilium
788 2929 875 3007 pars
893 2904 1096 3001 maxima,
1113 2907 1176 3014 sed
1192 2937 1267 2995 nec
1342 2915 1345 2920 ’
1414 2913 1434 2966 .·

282 3059 441 3142 Damna
456 3053 597 3136 levant.
647 3053 778 3145 Tunc,
803 3052 961 3136 adversis
977 3057 1219 3158 urgentibus,
1244 3061 1336 3144 iiiuc
1420 3097 1424 3114 ¹

161 3237 164 3242 ·
281 3207 455 3296 Recidit,
480 3221 525 3288 ut
543 3201 693 3286 malum
709 3199 810 3283 ferro
826 3202 1096 3298 summitteret,
1122 3235 1166 3288 ac
1182 3208 1219 3288 se
1347 3225 1350 3230 ·

127 3418 129 3426 .
221 3352 464 3460 [Explicat
482 3345 700 3451 angustum,
725 3345 956 3430 discriminis
974 3349 1113 3430 ultima
1127 3355 1340 3457 quando
1376 3375 1444 3505 55

281 3494 846 3587 Praes1diaafferimus,navem
863 3493 1009 3598 factura
1026 3498 1277 3582 minorem·

282 3645 441 3736 Inunc,
466 3661 505 3724 et
522 3641 644 3724 ventis
661 3637 832 3721 animam
847 3641 1065 3744 committe,
1067 3643 1237 3729 dolatu
1415 3637 1433 3700 J

153 3772 156 3781 s
285 3791 462 3886 Confisus
478 3783 599 3901 ligni),
613 3778 743 3894 digitis
760 3819 781 3869 a
798 3769 923 3872 morte
939 3799 1158 3877 remotus*
1269 3833 1288 3847 ,.
1335 3829 1337 3832 -
1404 3821 1423 3842 ·-

283 3943 476 4049 Qatuor,
502 3967 545 4037 ac
559 3939 720 4041 septem,
745 3935 831 4018 sisit
848 3935 1025 4020 latisiima
1041 3939 1153 4022 taeda.
1295 3985 1297 3990 ·

275 4085 490 4170 Mox'cum
508 4083 689 4177 reticulis,
714 4101 760 4164 et·
769 4109 881 4185 pane,
901 4101 945 4162 ¹et
962 4093 1095 4167 ventre
1111 4085 1269 4199 lagenae,
1379 4085 1431 4174 60x

278 4229 419 4348 Aspice
435 4235 633 4320 sumendas
650 4231 692 4316 in
708 4223 929 4340 tempestate
941 4231 1101 4316 secures.
1136 4231 1165 4278 '⁵'
1277 4241 1280 4248 ’
1359 4263 1362 4276 ·
1391 4241 1413 4317 ,’

287 4399 291 4406 ’
358 4393 368 4412 ⁴
1204 4388 1210 4402 '
1357 4381 1431 4464 Sed
