3342 5334
276 453 314 554 6
563 451 878 586 Juvsunnrs
914 451 1123 548 Santra
1150 461 1184 548 1.

271 673 381 784 Qsid
390 671 714 768 facientcomites,
723 673 864 778 quibus
876 671 969 754 hinc
979 689 1082 772 toga,
1092 665 1239 767 calceus
1249 663 1341 747 hinc
1351 663 1437 758 est..

271 823 329 904 Et
347 823 470 926 panis,
490 819 695 934 fumusque
712 821 849 908 domi?
882 819 1096 908 densrssima
1110 833 1273 904 centum
1374 841 1446 906 rao

273 969 516 1078 Qpadrantes
533 969 667 1052 lectica
683 973 792 1074 petit,
811 969 1056 1072 sequiturque
1073 965 1259 1048 maritum

270 1117 488 1222 Languida,
505 1118 564 1200 vel
580 1145 793 1224 pregnans,
806 1135 844 1200 et
854 1113 1170 1208 circumducitur,
1185 1140 1295 1204 uxor.

274 1265 472 1368 Hic-petit
485 1264 641 1362 absenti,
658 1285 751 1350 nota
760 1261 845 1370 jam
861 1262 1021 1350 callidus
1039 1279 1130 1356 arte,

275 1409 490 1494 Ostendens
504 1439 678 1507 vacuam,
696 1430 736 1492 et
752 1409 917 1492 clausam
933 1436 1003 1512 pro
1014 1406 1178 1512 conjuge
1188 1405 1329 1488 sellam.
1435 1497 1442 1506 ,

275 1559 389 1644 Galla
400 1589 488 1643 mea
499 1561 566 1656 est,
579 1561 708 1663 inquit
716 1595 728 1654 ς
754 1559 866 1642 citius
883 1525 1061 1644 dimittes
1087 1555 1276 1656 morarisl
1351 1579 1420 1658 ως

275 1707 410 1794 Profer
425 1706 541 1792 Galla
556 1728 684 1812 caput.
727 1707 825 1790 Noli
842 1733 988 1799 vexare,
1006 1703 1179 1810 quiescit.
1424 1693 1426 1700 ¹

325 1852 409 1956 Ipse
421 1851 502 1934 dies
519 1853 655 1962 pulcro
670 1851 914 1954 distinguitur
930 1851 1062 1934 ordine
1080 1875 1230 1931 rerum:

275 2000 467 2104 Sportula,
481 1999 620 2104 deinde
635 1998 958 2106 forum‚jurisque
974 2001 1116 2110 peritus
1134 1998 1292 2102 Apollo,
1434 2085 1437 2093 f

275 2153 410 2255 Atque
426 2151 694 2262 triumphales,
707 2153 805 2232 inter
820 2177 915 2256 quas
932 2150 1042 2236 ausus
1059 2147 1199 2230 habere

273 2299 416 2384 Nescio
432 2301 518 2406 quis
536 2299 668 2382 titulos
682 2298 902 2406 AEgyptius,
918 2314 1033 2403 atque
1040 2296 1292 2412 Arabarches,
1352 2325 1442 2400 130·

275 2445 400 2552 Cujus
416 2421 649 2548 ad'effigiem
665 2473 744 2530 non
763 2467 915 2553 tanturn
932 2445 1072 2554 mejere
1093 2445 1232 2530 faseli.

277 2593 487 2677 Vestibulis
501 2594 643 2684 abeunt
657 2615 813 2692 veteres,
830 2595 986 2702 laffique
997 2598 1169 2693 clientes,
1417 2691 1425 2698 ‚

276 2744 458 2853 Votaque
476 2745 687 2850 deponunt,
704 2773 928 2850 quanquam
944 2747 1171 2848 longiffima,
1189 2775 1320 2843 eoenae,
1439 2815 1442 2823 ,

278 2893 371 2996 Spes
388 2890 564 3002 homini:
581 2892 707 2976 caules
725 2892 883 2984 miseris,
901 2908 1016 2994 atque
1030 2881 1129 2995 ignis
1148 2895 1345 2978 emendus.
1439 2977 1444 2984 .

185 3146 190 3151 1
277 3039 443 3148 Optima
454 3042 629 3126 silvarum
647 3041 804 3136 interea,
822 3041 1024 3146 pelagique
1040 3047 1187 3130 vorabit
1353 3073 1422 3151 135

277 3179 368 3260 Rex
378 3177 535 3274 horum,
548 3179 746 3286 vacuisque
763 3182 854 3262 toris
872 3199 1025 3262 tantum
1041 3185 1118 3288 ipse
1128 3181 1284 3287 jacebit.
1435 3213 1443 3286 j

277 3327 389 3410 Nam
402 3329 449 3410 de
466 3347 525 3411 tot
541 3326 724 3429 pulchris,
742 3348 783 3414 ct
797 3329 883 3410 latis
900 3329 1071 3448 orbibus,
1089 3353 1128 3414 et
1145 3349 1228 3414 tam

278 3478 478 3579 Antiquis,
491 3503 568 3558 una
584 3478 795 3562 comedunt
810 3480 1042 3582 patrimonia
1058 3481 1199 3563 mensa.

275 3627 422 3710 Nullus
433 3623 519 3729 jam
536 3623 715 3726 parafitus
733 3627 832 3710 erit:
855 3625 917 3708 sed
929 3628 1015 3729 quis
1030 3627 1128 3709 seret
1143 3626 1229 3708 istas

276 3773 457 3856 Luxuriae
475 3769 627 3853 sordes?
651 3787 795 3884 quanta
809 3771 862 3854 cst
878 3771 981 3876 gula,
1001 3801 1085 3876 quae
1097 3773 1167 3856 fibi
1183 3792 1284 3858 tutos
1353 3803 1438 3882 ¹40,

276 3921 393 4002 Ponit
406 3944 530 4022 apros,
548 3918 688 4006 animal
705 3937 861 4026 propter
876 3918 1052 4002 convivia
1067 3917 1231 4004 natum?

275 4071 396 4154 Poena
412 4088 542 4149 tamen
560 4067 843 4172 ptolemeum
860 4087 905 4154 tu
929 4067 1088 4172 'deponis
1107 4069 1268 4156 aquus
1390 4171 1393 4180 Ι

276 4215 487 4318 Turgidus,
513 4233 552 4298 et
568 4217 733 4331 cruc-lum
747 4243 938 4330 pavonem
951 4214 994 4304 in
1017 4211 1153 4302 balnea
1167 4233 1308 4324 portas.

1308 4366 1419 4450 Hinc
