3354 5344
320 419 452 548 '¹7⁶
660 395 855 516 Pansrr
899 397 1127 521 Senias
1160 411 1236 520 Isi.

294 671 302 690 ·
345 631 500 740 AEgroti
515 631 650 716 veteris
666 631 893 716 meditantes
908 633 1078 718 somnia:
1103 637 1212 740 gigni
1266 685 1271 692 ·

345 781 411 866 De
426 779 548 864 nihilo
565 775 676 875 nihil,
697 781 739 861 in
754 779 921 864 nihilum
937 781 992 863 nil
1005 767 1110 886 posse
1123 783 1272 866 reverti.

344 921 438 1014 Hoc
449 929 502 1012 est
515 931 620 1036 quod
631 928 769 1034 palles?
785 955 856 1011 tur
866 931 955 1033 quis
967 941 1044 1012 non
1056 932 1250 1034 prandeat,
1259 929 1339 1015 hoc
1350 912 1427 1016 esti
1449 923 1504 1039 ἒς·

344 1077 421 1160 His
438 1079 604 1184 populus
620 1077 740 1172 ridete
764 1082 1014 1185 multumque
1029 1079 1338 1186 torosajuventus

338 1223 562 1326 ingeminat
577 1223 761 1308 tremulos
778 1225 866 1308 naso
882 1227 1066 1330 crispante
1081 1227 1302 1313 cachinnos.

343 1369 492 1476 Inspice
501 1406 516 1466 t
541 1372 665 1455 neseio
682 1370 778 1476 quid
796 1372 958 1478 trepidat
976 1373 1075 1456 mihi
1092 1379 1240 1479 peditis,
1255 1396 1295 1460 et
1313 1379 1422 1481 agris

339 1515 536 1600 Faucibus
548 1515 709 1620 exspirat
722 1519 844 1620 gravis
859 1512 1020 1612 halitusr
1045 1519 1184 1624 inspice
1200 1521 1318 1616 sodes,

343 1659 428 1772 Q
441 1660 539 1744 'dicit
554 1661 722 1755 medico,
730 1659 852 1765 jussus
868 1662 1109 1766 requiescere,
1127 1664 1330 1770 postquam
1436 1677 1496 1770 'po

340 1805 476 1888 Tertia
491 1803 717 1908 compostae
734 1801 830 1884 vidit
846 1831 925 1886 nox
940 1825 1093 1888 currere
1107 1810 1232 1900 venas,

340 1955 405 2040 De
422 1949 566 2057 majore
582 1951 701 2034 domo
717 1951 921 2038 modicum¹
931 1951 1077 2038 sitiente
1091 1955 1238 2056 lagena,
1391 2025 1396 2033 .

341 2103 465 2186 Lenia
477 2103 603 2186 loturo
619 2101 688 2184 sibi
703 2101 922 2184 Surrentina
938 2105 1096 2206 rogavit
1255 2181 1258 2188 .

341 2251 452 2335 Heus
468 2251 587 2346 bone,
607 2269 651 2334 tu
667 2249 795 2357 palles.
832 2249 945 2332 Nihil
962 2251 1028 2334 est.
1065 2252 1205 2336 Videas
1223 2251 1353 2339 tamen
1369 2252 1485 2352 istud,

306 2393 310 2400 ’
343 2391 544 2502 Qicquid
559 2392 694 2475 idest:
719 2393 837 2496 surgit
855 2394 968 2476 tacite
983 2394 1055 2479 tibi
1070 2396 1172 2479 lutea
1187 2398 1310 2504 pellis.
1434 2427 1456 2502 9
1461 2427 1483 2502 ς

340 2542 398 2621 At
414 2559 458 2620 tu
474 2539 637 2622 deterius
653 2539 790 2645 palles:
817 2537 926 2620 neiis
942 2537 1041 2621 mihi
1056 2558 1183 2625 tutor:

337 2679 579 2788 Jampridem
594 2685 700 2768 hunc
716 2683 849 2788 sepeli:
874 2699 918 2764 tu
934 2683 1058 2770 testas.
1108 2687 1242 2792 Perge,
1261 2687 1408 2770 tacebo.

250 2909 257 2926 ,
338 2833 539 2938 Turgidus
556 2833 621 2919 hic
636 2835 773 2940 epulis,
791 2853 908 2939 atque
925 2835 1012 2918 albo
1027 2855 1159 2920 ventre
1174 2839 1332 2934 lavatur,

338 2983 508 3066 Gutture
523 2979 701 3065 sulfureas
718 2981 821 3062 lente
834 2979 1034 3064 exhalante
1051 2983 1260 3086 Mephites.
1321 2995 1330 3072 ζ

256 3111 259 3126 ’
338 3132 413 3214 Sed
429 3133 572 3212 tremor
586 3129 686 3210 inter
698 3130 787 3212 vina
801 3129 913 3226 subit,
931 3131 1178 3236 calidumque
1196 3136 1376 3222 trientem
1413 3163 1483 3223 roo

301 3253 304 3258 ⁵
337 3275 539 3359 Excutite
554 3269 752 3358 manibus:
779 3273 909 3359 dentes
927 3305 1107 3381 crepuere
1122 3281 1272 3362 retedii:
1390 3267 1394 3274 ¹

336 3427 466 3510 Uns’ta
481 3427 625 3510 cadunt
638 3425 733 3508 laris
749 3443 843 3508 tunc
858 3411 1111 3528 pulmentaria
1125 3426 1252 3509 labris.
1415 3482 1425 3492 -·

336 3573 446 3657 Hinc
461 3573 565 3668 tuba,
582 3571 773 3654 candelae:
797 3567 1032 3674 tandemque
1048 3565 1355 3656 beatulus'alto-
1635 3649 1637 3700 Ι

337 3717 581 3825 Compositus
597 3717 710 3811 lesio,
725 3704 918 3818 crassisque
934 3706 1079 3800 lutatus
1094 3719 1271 3812 amomis,
1412 3783 1417 3790 .
1635 3703 1637 3854 Ι

334 3867 383 3949 In
400 3881 551 3969 portam
569 3862 711 3968 rigidos
726 3861 846 3943 calces
862 3860 1051 3944 extendit:
1077 3879 1116 3944 at
1132 3863 1247 3946 illum
1321 3859 1326 3868 ’
1412 3890 1480 3969 rot
1636 3863 1637 3884 ¹

334 4011 515 4097 Hesterni
529 4011 653 4115 eapite
668 4010 807 4091 induto
822 4007 966 4090 subiere
983 4009 1168 4114 Qirites.

333 4160 473 4262 Tange
489 4155 619 4251 miser,
630 4157 756 4251 venas,
772 4171 811 4238 et
829 4179 929 4256 pone
944 4153 987 4238 in
1004 4155 1157 4257 pectore
1171 4155 1366 4254 dextram:
1405 4247 1408 4254 ,

344 4311 348 4320 ’
393 4307 396 4313 ’
1407 4305 1480 4388 Nil
