3342 5334
381 467 701 604 Juvuunnrs
735 452 947 566 Sarrnn
969 481 1042 568 Vl.
1251 491 1322 600 59

170 683 330 768 Pulsari.
354 684 445 788 Jatn
459 711 580 768 nenio
593 685 704 769 tubas
719 703 837 790 atque
852 687 1098 792 aerasatigeti
1221 713 1225 722 ·

172 833 265 913 Una
279 829 466 914 laboranti
480 833 622 936 poterit
640 833 853 916 succurrere
865 835 1000 916 Luna.

171 978 347 1083 Imponit
362 977 482 1064 finem
498 962 644 1084 sapient
659 996 699 1060 et
712 979 825 1061 rebus
841 979 1021 1062 honestis.
1057 1005 1060 1012 ·
1202 1028 1205 1033 -

172 1121 283 1210 Nam
298 1153 384 1232 quae
400 1125 512 1208 dosia
528 1128 644 1210 nimis
660 1128 768 1231 cupit
779 1146 820 1208 et
835 1125 1001 1212 facunda
1013 1126 1148 1226 videri,

173 1271 297 1356 Crure
308 1281 425 1358 'tenus
443 1271 573 1353 medio
591 1261 740 1354 tunica's
755 1271 972 1374 succingere
986 1270 1117 1372 debet,
1245 1301 1327 1382 445

175 1413 331 1498 Caedere
347 1414 510 1517 Sylvano
525 1439 705 1520 porcum,
731 1413 942 1519 quadrante
957 1414 1085 1497 lavari.
1132 1456 1136 1466 Δ

174 1557 270 1644 Non
286 1531 427 1641 habeat
442 1525 633 1652 matrona,
658 1554 730 1637 tibi
747 1552 1205 1662 quaejunua-ncumhit,
1242 1613 1245 1620 ·
1313 1621 1316 1626 -

171 1701 340 1784 Dicendi
356 1729 495 1806 genus,
517 1719 583 1784 aut
598 1717 754 1785 curtum
769 1700 942 1784 sermone
957 1718 1083 1785 rotato

171 1853 371 1956 Torqueat
382 1850 656 1962 enthymema,
680 1875 754 1931 nec
769 1849 943 1935 historias
958 1851 1051 1935 sciat
1067 1881 1228 1941 umnear
1257 1903 1260 1910 ·

175 1989 250 2072 Sed
266 1987 442 2092 quaedam
457 2013 504 2070 ex
521 1987 629 2070 libris
645 2007 685 2070 et
701 2014 780 2068 non
796 1983 996 2092 intelligat.
1016 1990 1097 2072 Odi
1149 2041 1154 2052 ·
1249 2018 1327 2098 450

175 2143 291 2225 Hanc
309 2167 395 2242 ego,
420 2167 506 2242 quae
523 2138 661 2242 repetit
674 2136 870 2242 volvitque
884 2138 1111 2224 Palaemonis
1128 2159 1266 2240 artem,
1321 2209 1325 2218 «

175 2292 329 2372 Servata
345 2288 492 2392 semper
507 2289 604 2392 lege,
634 2305 676 2368 et
690 2287 840 2368 ratione
855 2287 1054 2400 loquendi,

175 2438 410 2547 Ignotusque
423 2438 526 2520 milri
543 2415 879 2540 tenetantiquaria
894 2437 1035 2532 versus,

175 2587 265 2670 Nec
280 2584 449 2670 curanda
463 2585 550 2668 viris
564 2584 686 2686 opicae
702 2582 861 2682 castigat
877 2582 1012 2668 arnicae
1029 2623 1031 2630 ·

177 2733 319 2820 Verba.
356 2731 622 2815 Soloecismum
640 2727 894 2834 lice'atfecislir
911 2730 1063 2810 marito.
1275 2753 1351 2846 455

128 2991 132 3000 .
176 2876 250 2961 Nil
262 2849 345 2960 ¹non
363 2877 554 2980 permittit
571 2875 712 2961 mulier
724 2874 818 2964 fibi:
845 2894 958 2980 turpe
974 2891 1084 2977 putat
1101 2876 1170 2972 nil,
1311 2925 1318 2938 ·

178 3031 285 3120 Cum
301 3029 437 3118 virides
453 3049 628 3132 gemmas
644 3027 744 3112 collo
759 3024 1030 3118 circumdedit,
1046 3043 1086 3106 et
1100 3053 1195 3110 cum
1324 3071 1332 3080 ··

126 3193 132 3201 ·
179 3169 350 3262 Auribus
367 3174 526 3256 extenfis
544 3197 705 3280 magnos
723 3169 918 3254 commisit
934 3168 1124 3251 elenchos.

10 3313 12 3318 ’
178 3319 459 3406 Intolerabiliur
475 3318 576 3402 nihil
592 3319 646 3400 esi
662 3345 781 3421 quam
797 3313 959 3395 foemina
973 3312 1092 3394 dives.
1153 3356 1158 3365 ·

180 3463 341 3556 Interea,
368 3461 472 3551 foeda
487 3462 636 3575 aspedu
651 3458 900 3560 ridendaque,
918 3454 1045 3536 multo
1252 3461 1332 3558 460

179 3605 283 3696 Pane
300 3623 426 3694 tumet
439 3605 569 3699 facies,
588 3622 657 3686 aut
670 3603 831 3708 pinguia
849 3603 1064 3704 Poppaerna

181 3756 322 3861 Spirat,
346 3754 495 3838 ethinc
510 3754 639 3836 ruistri
651 3755 839 3834 viscantur
855 3749 961 3830 labra
978 3748 1122 3832 mariti.

180 3904 245 3994 Ad
263 3900 465 3983 moechum
482 3901 563 3986 lota
577 3899 705 3980 veniet
714 3918 806 3986 cute
817 3925 830 3976 ¹:
854 3893 1012 3998 quando
1029 3892 1151 3976 videri

180 4051 278 4139 Vult
294 4048 460 4144 formosa
476 4019 616 4129 dorni?¹
632 4043 794 4126 moechis
812 4041 945 4122 foliata
963 4059 1158 4142 parantur.

180 4198 258 4301 Hir
274 4199 416 4299 emitur
431 4193 621 4314 quicquid
635 4190 887 4303 gracilcshuc
903 4189 1059 4272 mittitis
1077 4187 1192 4272 luda
1255 4193 1331 4294 4⁶5

870 4387 872 4391 ·
919 4372 923 4385 ·
1219 4337 1332 4420 Tan-
