3350 5336
301 471 396 602 98.
542 427 875 610 Juvrusrrs
916 467 1120 572 Seruus
1156 479 1211 572 x.

302 691 567 798 spodiandusr
593 692 764 798 gaudent
779 721 939 776 omnes:
966 693 1065 807 Qae
1081 691 1212 774 labrsi
1235 695 1325 798 quis
1338 692 1398 784 ilii

302 839 447 922 Vultur
463 837 572 921 erati
594 835 825 942 Nunquam,
851 837 991 943 siquid
1009 837 1108 922 mihi
1123 837 1259 932 eredis,
1284 839 1410 922 amavi

303 989 428 1078 Hunc
438 987 641 1070 hominem
654 1017 665 1071 ε
678 986 740 1069 sed
749 1013 831 1092 quo
840 987 981 1070 cecidit
991 985 1060 1070 sub
1075 983 1266 1069 crimine?
1279 987 1489 1092 quisnam.¹

304 1126 496 1222 Delator?
520 1134 663 1238 quibus
680 1133 885 1228 indicibus,
911 1163 992 1239 quo
1009 1133 1100 1216 teste
1115 1131 1314 1240 probavit?
1407 1157 1470 1238 φο
1487 1185 1495 1200 -

288 1281 379 1372 ,Nil
393 1280 560 1365 horum:
584 1281 739 1366 verbosa
755 1298 795 1362 et
815 1281 967 1385 grandis
982 1281 1139 1387 epistole
1154 1282 1261 1365 venit

306 1429 348 1510 A
364 1427 540 1533 Capreis:
566 1425 666 1510 bene
679 1426 810 1520 habet,
836 1425 891 1507 nil
909 1425 994 1530 pius
1009 1425 1213 1530 interrogo.
1254 1427 1330 1510 Sed
1344 1427 1445 1532 quid

306 1575 447 1660 Turba
458 1575 606 1660 Remi?
629 1577 799 1683 sequitur
814 1574 1026 1671 fortunam,
1049 1595 1093 1658 ut
1108 1575 1270 1680 semper,
1294 1595 1335 1661 et
1348 1577 1437 1660 odit

305 1723 545 1808 Damnatus:
569 1723 674 1806 idern
689 1723 866 1828 populus,
890 1723 1099 1806 fiNurscia
1112 1724 1275 1808 Thusco

238 1893 243 1902 ·
307 1869 483 1964 pavisset,
508 1869 722 1974 fioppreffa
738 1869 838 1953 foret
856 1871 982 1952 secura
993 1872 1164 1956 senectus
1407 1892 1493 1974 75-

309 2017 511 2122 Principis,
536 2015 609 2098 hac
625 2015 703 2122 ipsa
718 2014 899 2122 sejanum
911 2017 1053 2100 diceret
1067 2017 1164 2100 hora
1479 1993 1483 1998 ⁵

309 2165 543 2270 Augustum.
594 2164 847 2270 Jampridem,
872 2193 923 2246 ex
937 2193 1018 2269 quo
1032 2165 1208 2272 suffragia
1223 2167 1324 2252 nulii
1474 2203 1478 2212 ’

307 2309 538 2408 vendimus,
562 2309 700 2414 effirgit
713 2339 837 2394 curas.
885 2311 994 2395 Nam
1010 2314 1079 2416 qui
1094 2312 1210 2395 dabat
1223 2314 1319 2400 olim
1397 2331 1401 2342 ’

308 2455 537 2560 Imperium,
562 2455 692 2550 sssees,
716 2455 900 2559 legiones,
924 2458 1069 2553 omnia,
1094 2484 1199 2542 nunc
1215 2459 1255 2542 se

308 2603 511 2701 Continet,
535 2623 649 2708 atque
665 2603 759 2684 duas
777 2621 928 2685 tantum
945 2629 1003 2684 res
1020 2606 1153 2686 anxius
1169 2621 1291 2720 optat,
1410 2613 1463 2686 80

309 2749 471 2847 Panem,
496 2770 537 2836 er
552 2748 761 2832 Circenses.
811 2747 1004 2830 Perituros
1020 2748 1137 2830 audio
1152 2749 1322 2833 mulsos:
1464 2757 1469 2774 '

306 2895 382 2982 Nil
397 2898 588 2982 dubium:
614 2925 755 2999 magns
770 2895 824 2976 est
840 2893 1057 2978 fornacula:
1082 2895 1284 2999 pallidulus
1302 2896 1362 2982 ms

142 3065 144 3072 ‘
310 3043 507 3142 Bruridius
523 3067 632 3124 meus
649 3042 699 3122 ud
713 3041 857 3123 Martis
871 3039 947 3121 fuit
962 3039 1098 3122 obvius
1114 3069 1234 3124 arem.

310 3189 445 3296 Qum
461 3187 595 3282 simeo,
619 3187 742 3268 victus
760 3215 810 3266 ne
825 3213 958 3288 poenss
973 3187 1100 3288 exigat
1115 3184 1230 3292 Ajax,

148 3369 151 3384 ·
311 3334 370 3420 Ut
386 3337 486 3418 male
499 3333 702 3416 defensus!
724 3359 924 3458 curremus
936 3335 1165 3437 praecipites,
1190 3351 1241 3422 et·
1410 3345 1467 3440 ὅς’

309 3483 423 3570 Dum
433 3482 537 3590 jacet
553 3484 593 3564 in
612 3485 709 3588 ripe,
731 3485 922 3565 calcemus
940 3482 1095 3564 Caesuris
1112 3483 1276 3566 hostem.

310 3631 385 3712 Sed
401 3629 553 3711 videant
569 3627 677 3720 servi,
704 3655 752 3708 ne
771 3627 858 3731 quis
876 3646 1001 3728 neget,
1027 3649 1066 3709 er
1082 3627 1264 3731 pavidum
1279 3628 1320 3710 in
1331 3625 1397 3732 jus
1461 3677 1464 3682 ·

310 3775 470 3857 Cervice
486 3770 664 3854 obstrisis
680 3769 887 3851 dominum
903 3770 1040 3854 trahat.
1092 3771 1151 3854 Hi
1170 3771 1361 3856 sermones

306 3921 427 4004 Tunc
441 3920 490 4001 de
508 3916 654 4022 Sejano,
680 3917 820 3998 secreta
835 3917 921 4000 haec
937 3919 1271 4024 murmuruvulgi.
1480 3987 1485 3998 .

305 4061 426 4146 Visne
441 4064 591 4145 salutari
607 4063 701 4144 ficut
734 4061 916 4166 Sejanus?
941 4063 1082 4146 habere
1409 4092 1463 4167 90

208 4309 210 4312 ,
304 4212 587 4298 Tantundem?
612 4210 799 4317 etqueilli
815 4211 920 4296 sellas
938 4213 1079 4335 dooere
1093 4213 1245 4297 curules
1254 4213 1279 4291 i·
1374 4253 1377 4258 =
1448 4236 1455 4252 ¹

1144 4353 1148 4361 ¹
1340 4359 1460 4443 Illum
1543 4377 1547 4390 ·
