3342 5334
351 405 421 504 60
625 404 944 540 Juvuuntrs
979 413 1190 514 Snrrnr
1229 407 1301 518 Vi.

344 630 527 714 Tandem
543 631 662 734 aperit
673 617 842 729 ¹vultum,
856 651 906 716 'et
922 637 1078 719 tectoria
1092 641 1217 744 prima
1233 627 1383 748 reponit
1387 681 1402 740 ς

344 780 489 884 Incipit
505 780 683 884 agnosci,¹
697 799 811 886 atque
825 781 892 864 illo
907 784 1004 866 lane
1021 785 1188 884 fovetur,

342 934 504 1035 Propter
519 923 626 1030 quod
640 922 769 1006 secum
784 929 944 1012 comites
961 931 1091 1013 educit
1105 931 1245 1030 asellas,

341 1081 447 1167 Exul
463 1073 760 1181 Hyperboreum
776 1074 805 1156 fi
820 1076 1037 1159 dimittatur
1054 1079 1102 1161 ad
1119 1053 1244 1165 axem.

201 1249 215 1268 ,
341 1227 416 1320 Sed
431 1259 517 1340 quae
533 1223 690 1310 mutatis
703 1223 910 1318 inducitur,
928 1243 1043 1329 atque
1059 1226 1208 1313 fovetur
1414 1259 1489 1337 470

339 1385 424 1468 Tot
443 1370 773 1464 medicaminibus,
798 1375 994 1494 casteque
1009 1371 1161 1476 filiginis
1179 1375 1274 1458 offas
1298 1341 1304 1352 ι

339 1515 496 1634 Accipit
511 1544 552 1609 et
567 1519 743 1615 madidas,
769 1517 883 1600 facies
900 1518 1061 1615 dicetur,
1086 1549 1135 1602 an
1152 1522 1301 1606 ulcusi‘

338 1675 408 1756 Est
424 1697 548 1777 operae
564 1667 733 1772 pretium
748 1663 900 1766 penitus
916 1661 1152 1766 cognoscere,
1170 1685 1253 1748 toto

338 1813 453 1926 Qid'
464 1815 607 1898 facient
623 1814 847 1914 agitentque
865 1809 940 1892 die.
976 1812 1144 1894 Sinoeie
1161 1817 1320 1900 maritus

337 1959 499 2048 Aversus
509 1959 645 2066 jacuit,
670 1959 784 2062 periit
799 1955 965 2052 libraria,
991 1977 1141 2062 ponunt
1407 1991 1480 2073 475

336 2115 526 2200 Cosmctae
543 2109 706 2202 tunicas,
732 2105 837 2187 tarde
853 2106 990 2188 veniss'e
1002 2106 1199 2193 Liburnus

335 2261 507 2366 Dicitur,
533 2273 572 2336 et
588 2279 717 2358 poenas
734 2251 848 2334 alieni
865 2251 1028 2354 pendere
1045 2252 1167 2335 somni

335 2406 502 2507 Cogitur
512 2432 536 2483 ιι
547 2399 615 2482 hic
630 2396 773 2500 frangit
788 2396 939 2490 ferulas,
960 2398 1070 2478 rubet
1085 2399 1148 2480 ille
1164 2399 1334 2504 flagellis,

335 2553 418 2634 Hic
435 2548 575 2632 scutica
581 2581 593 2639 ς
619 2544 705 2632 sunt
720 2568 807 2647 quae
824 2541 1029 2624 tortoribus
1048 2573 1175 2626 annua
1189 2548 1376 2650 praestent.

331 2694 532 2786 Verberat,
550 2708 665 2794 atque
677 2689 800 2770 obiter
816 2686 956 2769 faciem
973 2688 1079 2783 linit3
1098 2691 1202 2772 audit
1219 2697 1372 2790 amicas,
1404 2706 1479 2795 480

333 2843 417 2924 Aut
431 2837 556 2918 latum
574 2835 685 2936 pictae
695 2831 803 2914 vestis
818 2831 1027 2913 confiderat
1043 2860 1180 2914 aurum
1187 2871 1200 2927 ς

329 2989 386 3070 Et
401 2983 548 3068 caedens
563 2979 671 3082 longi
687 2977 821 3080 relegit
842 2979 1022 3060 transacta
1038 2979 1177 3076 diurni,

228 3195 239 3210 ,
264 3111 270 3130 ’
330 3135 386 3214 Et
400 3131 525 3225 caedit,
550 3130 672 3210 donec
685 3125 782 3207 laffis
799 3125 1046 3222 caedentibus,
1064 3129 1140 3221 exi,

314 3305 317 3308 ·
331 3281 489 3362 intonet
503 3275 754 3370 horrendum,
771 3273 856 3380 jam
873 3277 1093 3378 cognitione
1110 3285 1273 3382 perseia.

330 3425 557 3509 Praefectura
572 3425 711 3505 do'mus
728 3423 852 3504 Sicula
867 3451 947 3504 non
961 3426 1095 3506 mitior
1111 3428 1206 3511 aula.
1402 3448 1476 3544 485

329 3567 439 3650 Nam
454 3569 481 3650 sr
495 3566 703 3688 constituit,
720 3567 915 3670 nsolitoque
932 3567 1127 3652 decentius
1146 3591 1254 3678 optat

329 3713 489 3804 ornari,
515 3731 555 3794 et
572 3728 761 3816 properat,
780 3708 942 3816 jamque
956 3716 1191 3818 exspectatur
1205 3721 1248 3801 in
1264 3719 1398 3818 hortis,
1462 3776 1466 3790 ·

330 3857 414 3936 Aut
432 3855 533 3958 apud
550 3854 672 3936 Isracae
687 3855 816 3957 potius
834 3853 988 3942 sacraria
1002 3857 1096 3938 lenae
1105 3894 1118 3951 ς

329 3997 543 4101 Componit
556 3999 716 4092 crinem,
741 3999 912 4082 laceratis
925 4001 1004 4104 ipsa
1019 4003 1180 4104 capillis,
1484 4111 1488 4122 Α

328 4141 448 4230 Nuda
462 4142 642 4244 humeros
655 4143 786 4230 Psecas
802 4144 950 4262 infelix,
968 4148 1156 4259 nudisque
1171 4149 1363 4236 mamillis.
1398 4181 1475 4255 490

1334 4387 1337 4394 ,
1398 4300 1472 4388 ΑΙ.
