<?xml version="1.0" encoding="UTF-8"?>
<!DOCTYPE html PUBLIC "-//W3C//DTD XHTML 1.0 Transitional//EN"
    "http://www.w3.org/TR/xhtml1/DTD/xhtml1-transitional.dtd">
<html xmlns="http://www.w3.org/1999/xhtml" xml:lang="en" lang="en">
 <head>
  <title>
</title>
<meta http-equiv="Content-Type" content="text/html;charset=utf-8" />
  <meta name='ocr-system' content='tesseract 3.04.00' />
  <meta name='ocr-capabilities' content='ocr_page ocr_carea ocr_par ocr_line ocrx_word'/>
</head>
<body>
  <div class='ocr_page' id='page_1' title='image "./djuniijuvenalis01persgoog_0207.png"; bbox 0 0 3354 5344; ppageno 0'>
   <div class='ocr_carea' id='block_1_1' title="bbox 297 419 1132 548">
    <p class='ocr_par' dir='ltr' id='par_1_1' title="bbox 297 419 1132 548">
     <span class='ocr_line' id='line_1_1' title="bbox 297 419 1132 548; baseline -0.005 -28"><span class='ocrx_word' id='word_1_1' title='bbox 297 423 401 546; x_wconf 88' lang='lat'>-164</span> <span class='ocrx_word' id='word_1_2' title='bbox 472 535 477 548; x_wconf 31' lang='grc' dir='ltr'>Ι</span> <span class='ocrx_word' id='word_1_3' title='bbox 624 419 820 518; x_wconf 76' lang='lat' dir='ltr'><strong>Possm</strong></span> <span class='ocrx_word' id='word_1_4' title='bbox 855 419 1065 517; x_wconf 78' lang='lat' dir='ltr'><strong>Ssrrss</strong></span> <span class='ocrx_word' id='word_1_5' title='bbox 1096 433 1132 516; x_wconf 89' lang='lat'><strong>1.</strong></span> 
     </span>
    </p>
   </div>
   <div class='ocr_carea' id='block_1_2' title="bbox 660 666 1114 854">
    <p class='ocr_par' dir='ltr' id='par_1_2' title="bbox 660 666 1114 854">
     <span class='ocr_line' id='line_1_2' title="bbox 660 666 1114 854; baseline -0.007 -30"><span class='ocrx_word' id='word_1_6' title='bbox 660 666 1114 854; x_wconf 62' lang='lat' dir='ltr'><strong>sacrans</strong></span> 
     </span>
    </p>
   </div>
   <div class='ocr_carea' id='block_1_3' title="bbox 300 925 1470 2192">
    <p class='ocr_par' dir='ltr' id='par_1_3' title="bbox 300 925 1470 2192">
     <span class='ocr_line' id='line_1_3' title="bbox 430 925 1470 1040; baseline -0.003 -20"><span class='ocrx_word' id='word_1_7' title='bbox 430 939 553 1020; x_wconf 80' lang='lat' dir='ltr'><strong>Cures</strong></span> <span class='ocrx_word' id='word_1_8' title='bbox 568 935 795 1022; x_wconf 82' lang='lat' dir='ltr'><strong>hominum!</strong></span> <span class='ocrx_word' id='word_1_9' title='bbox 813 936 839 1018; x_wconf 88' lang='lat' dir='ltr'><strong>d</strong></span> <span class='ocrx_word' id='word_1_10' title='bbox 855 925 1046 1040; x_wconf 80' lang='lat' dir='ltr'><strong>quantum</strong></span> <span class='ocrx_word' id='word_1_11' title='bbox 1060 935 1115 1020; x_wconf 88' lang='lat' dir='ltr'><strong>est</strong></span> <span class='ocrx_word' id='word_1_12' title='bbox 1130 935 1171 1020; x_wconf 88' lang='lat' dir='ltr'><strong>io</strong></span> <span class='ocrx_word' id='word_1_13' title='bbox 1187 935 1299 1030; x_wconf 77' lang='lat' dir='ltr'><strong>rebus</strong></span> <span class='ocrx_word' id='word_1_14' title='bbox 1316 933 1470 1020; x_wconf 79' lang='lat' dir='ltr'><strong>inane!</strong></span> 
     </span>
     <span class='ocr_line' id='line_1_4' title="bbox 482 1058 1467 1196; baseline -0.002 -32"><span class='ocrx_word' id='word_1_15' title='bbox 482 1083 541 1165; x_wconf 88' lang='lat' dir='ltr'><strong>uis</strong></span> <span class='ocrx_word' id='word_1_16' title='bbox 552 1083 653 1196; x_wconf 87' lang='lat' dir='ltr'><strong>leget</strong></span> <span class='ocrx_word' id='word_1_17' title='bbox 663 1081 769 1166; x_wconf 83' lang='lat' dir='ltr'><strong>haec?</strong></span> <span class='ocrx_word' id='word_1_18' title='bbox 786 1083 881 1165; x_wconf 87' lang='lat' dir='ltr'><strong>rnin’</strong></span> <span class='ocrx_word' id='word_1_19' title='bbox 893 1101 936 1166; x_wconf 90' lang='lat' dir='ltr'><strong>tu</strong></span> <span class='ocrx_word' id='word_1_20' title='bbox 948 1058 1048 1168; x_wconf 83' lang='lat' dir='ltr'><strong>illud</strong></span> <span class='ocrx_word' id='word_1_21' title='bbox 1060 1083 1137 1167; x_wconf 87' lang='lat' dir='ltr'><strong>ais?</strong></span> <span class='ocrx_word' id='word_1_22' title='bbox 1154 1111 1271 1166; x_wconf 90' lang='lat' dir='ltr'><strong>nemo</strong></span> <span class='ocrx_word' id='word_1_23' title='bbox 1281 1083 1467 1176; x_wconf 78' lang='lat' dir='ltr'><strong>hercule.</strong></span> 
     </span>
     <span class='ocr_line' id='line_1_5' title="bbox 496 1227 958 1318; baseline 0.002 -7"><span class='ocrx_word' id='word_1_24' title='bbox 496 1227 655 1318; x_wconf 76' lang='lat' dir='ltr'><strong>Nemo?</strong></span> <span class='ocrx_word' id='word_1_25' title='bbox 784 1239 787 1248; x_wconf 83' lang='lat'><em>&#39;</em></span> <span class='ocrx_word' id='word_1_26' title='bbox 954 1303 958 1312; x_wconf 87' lang='lat'><strong>.</strong></span> 
     </span>
     <span class='ocr_line' id='line_1_6' title="bbox 300 1367 1357 1475; baseline -0.001 -24"><span class='ocrx_word' id='word_1_27' title='bbox 300 1369 376 1452; x_wconf 93' lang='lat' dir='ltr'><strong>Vel</strong></span> <span class='ocrx_word' id='word_1_28' title='bbox 392 1369 483 1465; x_wconf 89' lang='lat' dir='ltr'><strong>duo,</strong></span> <span class='ocrx_word' id='word_1_29' title='bbox 500 1367 560 1452; x_wconf 89' lang='lat' dir='ltr'><strong>vel</strong></span> <span class='ocrx_word' id='word_1_30' title='bbox 575 1395 706 1454; x_wconf 85' lang='lat' dir='ltr'><strong>nemo.</strong></span> <span class='ocrx_word' id='word_1_31' title='bbox 755 1367 903 1474; x_wconf 81' lang='lat' dir='ltr'>Turpe,</span> <span class='ocrx_word' id='word_1_32' title='bbox 921 1389 960 1454; x_wconf 89' lang='lat' dir='ltr'><strong>et</strong></span> <span class='ocrx_word' id='word_1_33' title='bbox 976 1371 1197 1454; x_wconf 85' lang='lat' dir='ltr'><strong>miserabile.</strong></span> <span class='ocrx_word' id='word_1_34' title='bbox 1216 1367 1357 1475; x_wconf 76' lang='lat' dir='ltr'><strong>quare?</strong></span> 
     </span>
     <span class='ocr_line' id='line_1_7' title="bbox 300 1517 1236 1624; baseline 0.002 -24"><span class='ocrx_word' id='word_1_35' title='bbox 300 1517 368 1600; x_wconf 90' lang='lat' dir='ltr'><strong>Ne</strong></span> <span class='ocrx_word' id='word_1_36' title='bbox 385 1519 485 1602; x_wconf 88' lang='lat' dir='ltr'><strong>mihi</strong></span> <span class='ocrx_word' id='word_1_37' title='bbox 500 1519 739 1624; x_wconf 82' lang='lat' dir='ltr'><strong>Polydamas,</strong></span> <span class='ocrx_word' id='word_1_38' title='bbox 756 1539 795 1602; x_wconf 88' lang='lat' dir='ltr'><strong>et</strong></span> <span class='ocrx_word' id='word_1_39' title='bbox 813 1522 999 1604; x_wconf 86' lang='lat' dir='ltr'><strong>Troiades</strong></span> <span class='ocrx_word' id='word_1_40' title='bbox 1013 1522 1236 1604; x_wconf 86' lang='lat' dir='ltr'><strong>Labeonem</strong></span> 
     </span>
     <span class='ocr_line' id='line_1_8' title="bbox 300 1657 1464 1766; baseline -0.002 -24"><span class='ocrx_word' id='word_1_41' title='bbox 300 1659 552 1742; x_wconf 76' lang='lat' dir='ltr'><strong>Praetulerim.</strong></span> <span class='ocrx_word' id='word_1_42' title='bbox 601 1659 743 1764; x_wconf 83' lang='lat' dir='ltr'><strong>Nugae.</strong></span> <span class='ocrx_word' id='word_1_43' title='bbox 794 1657 903 1757; x_wconf 86' lang='lat' dir='ltr'><strong>Non,</strong></span> <span class='ocrx_word' id='word_1_44' title='bbox 919 1662 947 1744; x_wconf 87' lang='lat' dir='ltr'>fi</span> <span class='ocrx_word' id='word_1_45' title='bbox 963 1663 1058 1766; x_wconf 91' lang='lat' dir='ltr'><strong>quid</strong></span> <span class='ocrx_word' id='word_1_46' title='bbox 1074 1661 1225 1744; x_wconf 86' lang='lat' dir='ltr'><strong>turbida</strong></span> <span class='ocrx_word' id='word_1_47' title='bbox 1241 1661 1373 1741; x_wconf 87' lang='lat' dir='ltr'><strong>Roma</strong></span> <span class='ocrx_word' id='word_1_48' title='bbox 1439 1682 1464 1760; x_wconf 82' lang='grc' dir='ltr'><em>ς</em></span> 
     </span>
     <span class='ocr_line' id='line_1_9' title="bbox 301 1793 1248 1910; baseline 0.001 -26"><span class='ocrx_word' id='word_1_49' title='bbox 301 1802 453 1900; x_wconf 88' lang='lat' dir='ltr'><strong>Elevet,</strong></span> <span class='ocrx_word' id='word_1_50' title='bbox 470 1799 642 1886; x_wconf 81' lang='lat' dir='ltr'><strong>accedas:</strong></span> <span class='ocrx_word' id='word_1_51' title='bbox 661 1813 867 1886; x_wconf 78' lang='lat' dir='ltr'><strong>examenve</strong></span> <span class='ocrx_word' id='word_1_52' title='bbox 883 1793 1107 1910; x_wconf 79' lang='lat' dir='ltr'><strong>improbum</strong></span> <span class='ocrx_word' id='word_1_53' title='bbox 1122 1806 1165 1887; x_wconf 90' lang='lat' dir='ltr'><strong>in</strong></span> <span class='ocrx_word' id='word_1_54' title='bbox 1182 1805 1248 1886; x_wconf 86' lang='lat' dir='ltr'><strong>illa</strong></span> 
     </span>
     <span class='ocr_line' id='line_1_10' title="bbox 302 1937 1152 2054; baseline 0.002 -30"><span class='ocrx_word' id='word_1_55' title='bbox 302 1941 470 2044; x_wconf 80' lang='lat' dir='ltr'><strong>Calliges</strong></span> <span class='ocrx_word' id='word_1_56' title='bbox 487 1943 645 2052; x_wconf 81' lang='lat' dir='ltr'><strong>trutinas</strong></span> <span class='ocrx_word' id='word_1_57' title='bbox 664 1962 788 2024; x_wconf 89' lang='lat' dir='ltr'><strong>necte</strong></span> <span class='ocrx_word' id='word_1_58' title='bbox 806 1945 1018 2054; x_wconf 85' lang='lat' dir='ltr'><strong>quaefiveris</strong></span> <span class='ocrx_word' id='word_1_59' title='bbox 1034 1937 1152 2028; x_wconf 66' lang='lat' dir='ltr'><strong>estre.</strong></span> 
     </span>
     <span class='ocr_line' id='line_1_11' title="bbox 301 2077 1304 2192; baseline 0.006 -26"><span class='ocrx_word' id='word_1_60' title='bbox 301 2083 412 2166; x_wconf 89' lang='lat' dir='ltr'><strong>Nam</strong></span> <span class='ocrx_word' id='word_1_61' title='bbox 429 2087 566 2170; x_wconf 81' lang='lat' dir='ltr'><strong>Rornae</strong></span> <span class='ocrx_word' id='word_1_62' title='bbox 584 2087 670 2192; x_wconf 83' lang='lat' dir='ltr'><strong>quis</strong></span> <span class='ocrx_word' id='word_1_63' title='bbox 688 2085 792 2172; x_wconf 81' lang='lat' dir='ltr'><strong>non?</strong></span> <span class='ocrx_word' id='word_1_64' title='bbox 811 2085 875 2180; x_wconf 91' lang='lat' dir='ltr'><strong>ah,</strong></span> <span class='ocrx_word' id='word_1_65' title='bbox 894 2085 993 2170; x_wconf 79' lang='lat' dir='ltr'><strong>filas</strong></span> <span class='ocrx_word' id='word_1_66' title='bbox 1010 2089 1151 2171; x_wconf 76' lang='lat' dir='ltr'><strong>dicere!</strong></span> <span class='ocrx_word' id='word_1_67' title='bbox 1170 2090 1233 2172; x_wconf 89' lang='lat' dir='ltr'><strong>sed</strong></span> <span class='ocrx_word' id='word_1_68' title='bbox 1248 2077 1304 2172; x_wconf 83' lang='lat' dir='ltr'><strong>fas</strong></span> 
     </span>
    </p>
   </div>
   <div class='ocr_carea' id='block_1_4' title="bbox 199 2227 1348 2318">
    <p class='ocr_par' dir='ltr' id='par_1_4' title="bbox 199 2227 1348 2318">
     <span class='ocr_line' id='line_1_12' title="bbox 199 2227 1348 2318; baseline -0.002 -4"><span class='ocrx_word' id='word_1_69' title='bbox 199 2299 211 2314; x_wconf 91' lang='lat'><strong>.</strong></span> <span class='ocrx_word' id='word_1_70' title='bbox 302 2227 421 2309; x_wconf 91' lang='lat' dir='ltr'><strong>Tunc</strong></span> <span class='ocrx_word' id='word_1_71' title='bbox 433 2256 526 2312; x_wconf 92' lang='lat' dir='ltr'><strong>cum</strong></span> <span class='ocrx_word' id='word_1_72' title='bbox 542 2231 589 2312; x_wconf 92' lang='lat' dir='ltr'><strong>ad</strong></span> <span class='ocrx_word' id='word_1_73' title='bbox 606 2231 793 2318; x_wconf 87' lang='lat' dir='ltr'><strong>canitiem</strong></span> <span class='ocrx_word' id='word_1_74' title='bbox 802 2229 974 2312; x_wconf 84' lang='lat' dir='ltr'><strong>nostrum</strong></span> <span class='ocrx_word' id='word_1_75' title='bbox 989 2230 1089 2314; x_wconf 90' lang='lat' dir='ltr'><strong>istud</strong></span> <span class='ocrx_word' id='word_1_76' title='bbox 1105 2235 1229 2316; x_wconf 87' lang='lat' dir='ltr'><strong>vivere</strong></span> <span class='ocrx_word' id='word_1_77' title='bbox 1245 2231 1348 2314; x_wconf 87' lang='lat' dir='ltr'><strong>triste</strong></span> 
     </span>
    </p>
   </div>
   <div class='ocr_carea' id='block_1_5' title="bbox 227 2371 1552 3950">
    <p class='ocr_par' dir='ltr' id='par_1_5' title="bbox 302 2371 1461 2791">
     <span class='ocr_line' id='line_1_13' title="bbox 303 2371 1461 2480; baseline 0.001 -26"><span class='ocrx_word' id='word_1_78' title='bbox 303 2371 461 2475; x_wconf 84' lang='lat' dir='ltr'><strong>Aspexi,</strong></span> <span class='ocrx_word' id='word_1_79' title='bbox 478 2388 517 2454; x_wconf 89' lang='lat' dir='ltr'><strong>et</strong></span> <span class='ocrx_word' id='word_1_80' title='bbox 534 2371 698 2456; x_wconf 88' lang='lat' dir='ltr'><strong>nucibus</strong></span> <span class='ocrx_word' id='word_1_81' title='bbox 714 2373 876 2456; x_wconf 87' lang='lat' dir='ltr'><strong>facimus</strong></span> <span class='ocrx_word' id='word_1_82' title='bbox 893 2401 1152 2480; x_wconf 84' lang='lat' dir='ltr'><strong>quaecumque</strong></span> <span class='ocrx_word' id='word_1_83' title='bbox 1165 2376 1304 2458; x_wconf 63' lang='lat' dir='ltr'><strong>relictis</strong></span> <span class='ocrx_word' id='word_1_84' title='bbox 1412 2403 1461 2456; x_wconf 92' lang='lat'><strong>10</strong></span> 
     </span>
     <span class='ocr_line' id='line_1_14' title="bbox 302 2493 1394 2629; baseline 0.004 -31"><span class='ocrx_word' id='word_1_85' title='bbox 302 2519 411 2598; x_wconf 89' lang='lat' dir='ltr'><strong>Cum</strong></span> <span class='ocrx_word' id='word_1_86' title='bbox 425 2517 590 2629; x_wconf 84' lang='lat' dir='ltr'><strong>sapimus</strong></span> <span class='ocrx_word' id='word_1_87' title='bbox 609 2493 777 2620; x_wconf 84' lang='lat' dir='ltr'><strong>patruos,</strong></span> <span class='ocrx_word' id='word_1_88' title='bbox 797 2536 904 2612; x_wconf 86' lang='lat' dir='ltr'><strong>tunc,</strong></span> <span class='ocrx_word' id='word_1_89' title='bbox 919 2536 1012 2602; x_wconf 88' lang='lat' dir='ltr'><strong>tunc</strong></span> <span class='ocrx_word' id='word_1_90' title='bbox 1027 2520 1221 2622; x_wconf 74' lang='lat' dir='ltr'><strong>ignoscite.</strong></span> <span class='ocrx_word' id='word_1_91' title='bbox 1272 2521 1394 2603; x_wconf 92' lang='lat' dir='ltr'><strong>Nolo.</strong></span> 
     </span>
     <span class='ocr_line' id='line_1_15' title="bbox 306 2661 1336 2791; baseline 0 -47"><span class='ocrx_word' id='word_1_92' title='bbox 306 2663 416 2764; x_wconf 83' lang='lat' dir='ltr'><strong>Qid</strong></span> <span class='ocrx_word' id='word_1_93' title='bbox 431 2661 594 2744; x_wconf 84' lang='lat' dir='ltr'><strong>faciam?</strong></span> <span class='ocrx_word' id='word_1_94' title='bbox 612 2662 675 2778; x_wconf 80' lang='lat' dir='ltr'><strong>sed</strong></span> <span class='ocrx_word' id='word_1_95' title='bbox 690 2663 775 2744; x_wconf 88' lang='lat' dir='ltr'><strong>sum</strong></span> <span class='ocrx_word' id='word_1_96' title='bbox 791 2661 975 2764; x_wconf 84' lang='lat' dir='ltr'><strong>petulanti</strong></span> <span class='ocrx_word' id='word_1_97' title='bbox 992 2662 1336 2791; x_wconf 24' lang='lat' dir='ltr'><strong>splenelcachinno.</strong></span> 
     </span>
    </p>

    <p class='ocr_par' dir='ltr' id='par_1_6' title="bbox 231 2811 1374 2918">
     <span class='ocr_line' id='line_1_16' title="bbox 231 2811 1374 2918; baseline -0.003 -25"><span class='ocrx_word' id='word_1_98' title='bbox 231 2813 233 2820; x_wconf 72' lang='lat'>&#39;</span> <span class='ocrx_word' id='word_1_99' title='bbox 305 2813 516 2896; x_wconf 89' lang='lat' dir='ltr'><strong>Scribimus</strong></span> <span class='ocrx_word' id='word_1_100' title='bbox 533 2813 679 2906; x_wconf 78' lang='lat' dir='ltr'><strong>ineufi,</strong></span> <span class='ocrx_word' id='word_1_101' title='bbox 697 2837 878 2894; x_wconf 89' lang='lat' dir='ltr'><strong>numeros</strong></span> <span class='ocrx_word' id='word_1_102' title='bbox 895 2812 973 2907; x_wconf 90' lang='lat' dir='ltr'><strong>ille,</strong></span> <span class='ocrx_word' id='word_1_103' title='bbox 989 2811 1053 2895; x_wconf 89' lang='lat' dir='ltr'><strong>hic</strong></span> <span class='ocrx_word' id='word_1_104' title='bbox 1070 2815 1167 2918; x_wconf 86' lang='lat' dir='ltr'><strong>pede</strong></span> <span class='ocrx_word' id='word_1_105' title='bbox 1184 2814 1293 2911; x_wconf 85' lang='lat' dir='ltr'><strong>liber,</strong></span> <span class='ocrx_word' id='word_1_106' title='bbox 1369 2879 1374 2890; x_wconf 87' lang='lat'><strong>.</strong></span> 
     </span>
    </p>

    <p class='ocr_par' dir='ltr' id='par_1_7' title="bbox 227 2959 1535 3653">
     <span class='ocr_line' id='line_1_17' title="bbox 227 2959 1456 3064; baseline 0.004 -24"><span class='ocrx_word' id='word_1_107' title='bbox 227 2987 234 2996; x_wconf 92' lang='lat'><em>·</em></span> <span class='ocrx_word' id='word_1_108' title='bbox 304 2961 462 3042; x_wconf 84' lang='lat' dir='ltr'><strong>Grande</strong></span> <span class='ocrx_word' id='word_1_109' title='bbox 475 2961 631 3064; x_wconf 84' lang='lat' dir='ltr'><strong>aliquid,</strong></span> <span class='ocrx_word' id='word_1_110' title='bbox 649 2959 755 3062; x_wconf 87' lang='lat' dir='ltr'><strong>quod</strong></span> <span class='ocrx_word' id='word_1_111' title='bbox 771 2959 905 3060; x_wconf 88' lang='lat' dir='ltr'><strong>pulmo</strong></span> <span class='ocrx_word' id='word_1_112' title='bbox 922 2959 1057 3040; x_wconf 78' lang='lat' dir='ltr'><strong>animae</strong></span> <span class='ocrx_word' id='word_1_113' title='bbox 1070 2962 1273 3064; x_wconf 77' lang='lat' dir='ltr'><strong>praelargus</strong></span> <span class='ocrx_word' id='word_1_114' title='bbox 1284 2960 1456 3046; x_wconf 77' lang='lat' dir='ltr'><strong>anhelet.</strong></span> 
     </span>
     <span class='ocr_line' id='line_1_18' title="bbox 253 3080 1535 3224; baseline 0.002 -32"><span class='ocrx_word' id='word_1_115' title='bbox 253 3211 263 3224; x_wconf 21' lang='grc' dir='ltr'><em>ἢ</em></span> <span class='ocrx_word' id='word_1_116' title='bbox 305 3111 457 3193; x_wconf 83' lang='lat' dir='ltr'><strong>Scilicet</strong></span> <span class='ocrx_word' id='word_1_117' title='bbox 473 3110 555 3190; x_wconf 84' lang='lat' dir='ltr'><strong>haec</strong></span> <span class='ocrx_word' id='word_1_118' title='bbox 571 3109 731 3213; x_wconf 89' lang='lat' dir='ltr'><strong>populo,</strong></span> <span class='ocrx_word' id='word_1_119' title='bbox 749 3107 954 3212; x_wconf 85' lang='lat' dir='ltr'><strong>pexusque,</strong></span> <span class='ocrx_word' id='word_1_120' title='bbox 971 3080 1311 3213; x_wconf 78' lang='lat' dir='ltr'><strong>togaquerecenti,</strong></span> <span class='ocrx_word' id='word_1_121' title='bbox 1408 3140 1474 3218; x_wconf 28' lang='grc' dir='ltr'><strong>ις]</strong></span> <span class='ocrx_word' id='word_1_122' title='bbox 1532 3211 1535 3220; x_wconf 29' lang='lat'><strong><em>¹</em></strong></span> 
     </span>
     <span class='ocr_line' id='line_1_19' title="bbox 304 3253 1329 3357; baseline -0.002 -19"><span class='ocrx_word' id='word_1_123' title='bbox 304 3257 360 3338; x_wconf 86' lang='lat' dir='ltr'><strong>Et</strong></span> <span class='ocrx_word' id='word_1_124' title='bbox 376 3257 545 3338; x_wconf 82' lang='lat' dir='ltr'><strong>natalitia</strong></span> <span class='ocrx_word' id='word_1_125' title='bbox 559 3255 715 3336; x_wconf 87' lang='lat' dir='ltr'><strong>tandem</strong></span> <span class='ocrx_word' id='word_1_126' title='bbox 731 3281 825 3336; x_wconf 91' lang='lat' dir='ltr'><strong>cum</strong></span> <span class='ocrx_word' id='word_1_127' title='bbox 840 3253 1069 3357; x_wconf 86' lang='lat' dir='ltr'><strong>sardonyche</strong></span> <span class='ocrx_word' id='word_1_128' title='bbox 1087 3255 1207 3350; x_wconf 83' lang='lat' dir='ltr'><strong>albus,</strong></span> <span class='ocrx_word' id='word_1_129' title='bbox 1327 3259 1329 3264; x_wconf 79' lang='grc'><strong>’</strong></span> 
     </span>
     <span class='ocr_line' id='line_1_20' title="bbox 273 3381 1282 3506; baseline 0.002 -21"><span class='ocrx_word' id='word_1_130' title='bbox 273 3469 277 3476; x_wconf 93' lang='grc'><em>.</em></span> <span class='ocrx_word' id='word_1_131' title='bbox 303 3402 398 3485; x_wconf 87' lang='lat' dir='ltr'><strong>Sede</strong></span> <span class='ocrx_word' id='word_1_132' title='bbox 415 3402 517 3506; x_wconf 86' lang='lat' dir='ltr'><strong>leges</strong></span> <span class='ocrx_word' id='word_1_133' title='bbox 533 3387 640 3496; x_wconf 82' lang='lat' dir='ltr'><strong>celsa,</strong></span> <span class='ocrx_word' id='word_1_134' title='bbox 656 3381 804 3504; x_wconf 89' lang='lat' dir='ltr'><strong>liquido</strong></span> <span class='ocrx_word' id='word_1_135' title='bbox 819 3429 910 3483; x_wconf 90' lang='lat' dir='ltr'><strong>cum</strong></span> <span class='ocrx_word' id='word_1_136' title='bbox 926 3399 1107 3504; x_wconf 83' lang='lat' dir='ltr'><strong>plasmate</strong></span> <span class='ocrx_word' id='word_1_137' title='bbox 1123 3419 1258 3505; x_wconf 84' lang='lat' dir='ltr'><strong>guttur</strong></span> <span class='ocrx_word' id='word_1_138' title='bbox 1278 3465 1282 3476; x_wconf 79' lang='lat'><strong>.</strong></span> 
     </span>
     <span class='ocr_line' id='line_1_21' title="bbox 304 3543 1151 3653; baseline -0.002 -16"><span class='ocrx_word' id='word_1_139' title='bbox 304 3551 459 3637; x_wconf 88' lang='lat' dir='ltr'><strong>Mobile</strong></span> <span class='ocrx_word' id='word_1_140' title='bbox 474 3549 663 3644; x_wconf 87' lang='lat' dir='ltr'><strong>collueris,</strong></span> <span class='ocrx_word' id='word_1_141' title='bbox 679 3543 845 3653; x_wconf 80' lang='lat' dir='ltr'><strong>patranti</strong></span> <span class='ocrx_word' id='word_1_142' title='bbox 860 3547 1001 3631; x_wconf 65' lang='lat' dir='ltr'><strong>fractus</strong></span> <span class='ocrx_word' id='word_1_143' title='bbox 1017 3551 1151 3638; x_wconf 87' lang='lat' dir='ltr'><strong>ocello.</strong></span> 
     </span>
    </p>

    <p class='ocr_par' dir='ltr' id='par_1_8' title="bbox 302 3693 1552 3950">
     <span class='ocr_line' id='line_1_22' title="bbox 302 3693 1552 3802; baseline -0.01 -23"><span class='ocrx_word' id='word_1_144' title='bbox 302 3697 386 3780; x_wconf 90' lang='lat' dir='ltr'><strong>Hic</strong></span> <span class='ocrx_word' id='word_1_145' title='bbox 402 3723 526 3802; x_wconf 89' lang='lat' dir='ltr'><strong>neque</strong></span> <span class='ocrx_word' id='word_1_146' title='bbox 540 3723 648 3778; x_wconf 89' lang='lat' dir='ltr'><strong>more</strong></span> <span class='ocrx_word' id='word_1_147' title='bbox 664 3693 786 3796; x_wconf 90' lang='lat' dir='ltr'><strong>probo</strong></span> <span class='ocrx_word' id='word_1_148' title='bbox 800 3693 938 3786; x_wconf 79' lang='lat' dir='ltr'><strong>videas,</strong></span> <span class='ocrx_word' id='word_1_149' title='bbox 955 3723 1087 3800; x_wconf 82' lang='lat' dir='ltr'><strong>noque</strong></span> <span class='ocrx_word' id='word_1_150' title='bbox 1094 3727 1187 3781; x_wconf 89' lang='lat' dir='ltr'><strong>voce</strong></span> <span class='ocrx_word' id='word_1_151' title='bbox 1203 3701 1329 3802; x_wconf 75' lang='lat' dir='ltr'><strong>serena</strong></span> <span class='ocrx_word' id='word_1_152' title='bbox 1548 3785 1552 3792; x_wconf 25' lang='grc'>1</span> 
     </span>
     <span class='ocr_line' id='line_1_23' title="bbox 302 3843 1454 3950; baseline 0.007 -21"><span class='ocrx_word' id='word_1_153' title='bbox 302 3849 483 3950; x_wconf 80' lang='lat' dir='ltr'><strong>Ingentes</strong></span> <span class='ocrx_word' id='word_1_154' title='bbox 498 3845 686 3950; x_wconf 88' lang='lat' dir='ltr'><strong>trepidare</strong></span> <span class='ocrx_word' id='word_1_155' title='bbox 699 3843 827 3936; x_wconf 80' lang='lat' dir='ltr'><strong>Titos,</strong></span> <span class='ocrx_word' id='word_1_156' title='bbox 844 3871 937 3926; x_wconf 90' lang='lat' dir='ltr'><strong>cum</strong></span> <span class='ocrx_word' id='word_1_157' title='bbox 955 3848 1126 3932; x_wconf 84' lang='lat' dir='ltr'><strong>carmina</strong></span> <span class='ocrx_word' id='word_1_158' title='bbox 1140 3850 1332 3933; x_wconf 88' lang='lat' dir='ltr'><strong>lumbum</strong></span> <span class='ocrx_word' id='word_1_159' title='bbox 1405 3883 1454 3938; x_wconf 85' lang='lat' dir='ltr'><strong>ao</strong></span> 
     </span>
    </p>
   </div>
   <div class='ocr_carea' id='block_1_6' title="bbox 303 3994 1308 4244">
    <p class='ocr_par' dir='ltr' id='par_1_9' title="bbox 303 3994 1308 4244">
     <span class='ocr_line' id='line_1_24' title="bbox 303 3994 1308 4098; baseline 0.002 -16"><span class='ocrx_word' id='word_1_160' title='bbox 303 3995 465 4092; x_wconf 85' lang='lat' dir='ltr'><strong>Intrant,</strong></span> <span class='ocrx_word' id='word_1_161' title='bbox 482 4014 522 4079; x_wconf 91' lang='lat' dir='ltr'><strong>et</strong></span> <span class='ocrx_word' id='word_1_162' title='bbox 539 3995 703 4080; x_wconf 88' lang='lat' dir='ltr'><strong>tremulo</strong></span> <span class='ocrx_word' id='word_1_163' title='bbox 719 3994 936 4098; x_wconf 83' lang='lat' dir='ltr'><strong>scalpuntur</strong></span> <span class='ocrx_word' id='word_1_164' title='bbox 953 3996 1019 4075; x_wconf 90' lang='lat' dir='ltr'><strong>ubi</strong></span> <span class='ocrx_word' id='word_1_165' title='bbox 1036 3997 1174 4080; x_wconf 87' lang='lat' dir='ltr'><strong>intima</strong></span> <span class='ocrx_word' id='word_1_166' title='bbox 1189 4002 1308 4093; x_wconf 85' lang='lat' dir='ltr'><strong>versu.</strong></span> 
     </span>
     <span class='ocr_line' id='line_1_25' title="bbox 303 4138 1227 4244; baseline 0.002 -23"><span class='ocrx_word' id='word_1_167' title='bbox 303 4139 423 4238; x_wconf 88' lang='lat' dir='ltr'><strong>Tun&#39;,</strong></span> <span class='ocrx_word' id='word_1_168' title='bbox 441 4141 580 4238; x_wconf 85' lang='lat' dir='ltr'><strong>vetule,</strong></span> <span class='ocrx_word' id='word_1_169' title='bbox 596 4138 774 4225; x_wconf 86' lang='lat' dir='ltr'><strong>auriculis</strong></span> <span class='ocrx_word' id='word_1_170' title='bbox 791 4139 921 4230; x_wconf 88' lang='lat' dir='ltr'><strong>alienis</strong></span> <span class='ocrx_word' id='word_1_171' title='bbox 937 4139 1086 4244; x_wconf 84' lang='lat' dir='ltr'><strong>colligis</strong></span> <span class='ocrx_word' id='word_1_172' title='bbox 1103 4142 1227 4226; x_wconf 87' lang='lat' dir='ltr'><strong>escas?</strong></span> 
     </span>
    </p>
   </div>
   <div class='ocr_carea' id='block_1_7' title="bbox 1241 4249 1446 4388">
    <p class='ocr_par' dir='ltr' id='par_1_10' title="bbox 1241 4249 1446 4388">
     <span class='ocr_line' id='line_1_26' title="bbox 1241 4249 1446 4388; baseline -0.005 -12"><span class='ocrx_word' id='word_1_173' title='bbox 1241 4249 1446 4388; x_wconf 75' lang='lat' dir='ltr'><strong>AurIculis,</strong></span> 
     </span>
    </p>
   </div>
   <div class='ocr_carea' id='block_1_8' title="bbox 0 0 1682 5344">
    <p class='ocr_par' dir='ltr' id='par_1_11' title="bbox 0 0 1682 5344">
     <span class='ocr_line' id='line_1_27' title="bbox 0 0 1682 5344; baseline 0 0"><span class='ocrx_word' id='word_1_174' title='bbox 0 0 1682 5344; x_wconf 95' lang='lat' dir='ltr'><strong> </strong></span> 
     </span>
    </p>
   </div>
  </div>
 </body>
</html>
