3342 5334
439 427 759 564 J‘uvnnnurs
795 419 1089 540 Sarrnallr'
1280 433 1343 552 1‘3

193 652 318 736 Coena
334 643 435 730 sedet
450 685 463 744 3
485 645 767 752 gremiojacuit
783 675 883 730 nova
900 665 1022 751 nupta
1037 643 1177 728 mariti.
1199 701 1201 708 =
1267 667 1339 722 120

193 791 233 871 Ο
248 819 436 893 proceres,
458 793 609 875 censore
624 820 721 895 opus
738 792 805 888 est,
821 821 869 876 an
884 793 1093 899 haruspice,
1108 789 1220 876 nobis
1237 788 1253 870 i
1271 837 1274 844 ι
1336 813 1347 890 ζ

190 937 344 1021 Scilicet
358 939 778 1045 horreres,‘majotaque
792 942 960 1024 monstra
974 959 1141 1047 putares,
1191 1015 1196 1022 .
1341 982 1347 1012 ³
1380 1003 1383 1013 ι

193 1081 232 1162 Si
248 1083 387 1164 mulier
408 1085 586 1178 vitulum,
598 1084 659 1165 vel
671 1083 698 1164 fi
710 1083 778 1166 bos
791 1085 920 1168 ederet
936 1053 1108 1190 agnuni?

197 1228 417 1328 Segmenta,
433 1249 473 1311 et
488 1229 625 1334 longos
641 1227 809 1323 habitus,
823 1245 863 1309 et
878 1227 1058 1336 flammea
1072 1229 1203 1326 sumit,

196 1375 350 1458 Arcano
364 1377 432 1478 qui
450 1375 551 1456 sacra
566 1374 690 1454 fetens
714 1373 887 1455 nutantia
898 1373 981 1454 loro
1082 1433 1086 1442 »
1272 1407 1315 1462 12
1319 1403 1349 1486 ς·

195 1517 718 1629 nudavttclypenancrnaus.
751 1499 1054 1621 opaterurbra
1366 1498 1369 1505 ’

195 1661 313 1748 Unde
330 1667 436 1750 nefas
453 1685 606 1750 tantum
623 1667 742 1748 Latiis
765 1665 1001 1771 pastoribus?
1027 1668 1131 1752 unde
1196 1645 1198 1648 ⁵

196 1818 295 1899 Haec
316 1821 458 1924 tetigit,
472 1821 652 1914 Gradive,
670 1837 757 1899 tuos
774 1818 897 1900 urtica
912 1821 1070 1922 nepbtes
1088 1822 1122 1900 i.

196 1967 381 2050 Traditur
392 1997 480 2052 ecce
497 1972 579 2052 viro
594 1968 716 2050 clarus
729 1995 880 2072 genere,
898 1988 1014 2072 atque
1029 1969 1168 2074 opibus
1188 1974 1271 2058 vir:

196 2113 285 2195 Nec
302 2112 621 2216 galeamquaffas,
637 2139 707 2193 nec
724 2129 865 2194 terram
882 2112 1035 2216 cuspide
1050 2117 1190 2219 pulsas,
1273 2149 1346 2224 130

197 2227 286 2344 Nec
301 2263 466 2365 quereris
482 2260 609 2363 patri?
634 2259 728 2341 vade
743 2287 849 2362 ergo,
869 2277 909 2340 et
925 2260 1019 2341 cede
1034 2262 1149 2348 severi

197 2412 402 2516 Jugeribus
414 2411 557 2514 campi,
571 2436 690 2511 quem
707 2409 880 2512 negligis.
919 2409 1106 2516 Officium
1121 2445 1204 2501 crae

198 2564 332 2644 Primo
348 2560 422 2642 sole
440 2560 539 2640 mihi
554 2559 816 2672 peragendum
831 2559 871 2637 in
887 2558 984 2639 valle
1002 2562 1171 2666 Qirini.

200 2718 300 2825 Q
315 2711 422 2793 causa
433 2707 581 2789 officii?
606 2707 701 2810 quid
717 2706 852 2810 quaeris
868 2705 883 2783 ἒ
908 2706 1021 2792 nubit
1037 2713 1199 2814 amicus,

199 2863 288 2943 Nec
304 2857 446 2940 multos
459 2853 629 2936 adhibet.
656 2853 790 2935 Liceat
808 2853 927 2935 modo
942 2856 1097 2955 vivere;
1122 2860 1230 2955 fient,
1275 2889 1345 2986 135

200 3014 315 3097 Fient
330 3007 399 3090 ista
415 3003 557 3108 palam,
574 3003 732 3108 cupient
745 3021 784 3084 et
799 3004 841 3084 in
856 3007 938 3084 adta
949 3004 1094 3088 referri.

201 3169 350 3250 Interea
365 3136 602 3241 tormentutn
619 3156 753 3256 ingens
770 3153 1002 3238 nubentibus
1014 3155 1147 3255 heret,

124 3369 127 3374 ,
203 3308 322 3416 Qud
338 3320 534 3409 nequeunt
546 3327 688 3403 parere,
708 3321 747 3380 et
762 3317 876 3402 partu
893 3302 1055 3384 retinere
1072 3304 1244 3399 maritos.

203 3463 277 3543 Sed
293 3437 444 3549 nrelius,
458 3455 564 3558 quod
580 3452 637 3532 nil
654 3451 790 3532 animis
807 3450 847 3530 in
863 3477 1024 3552 corpora
1036 3448 1135 3554 juris
1185 3494 1189 3502 ·
1313 3541 1316 3546 ,

202 3610 354 3692 Natura
369 3605 568 3705 indulget„
583 3601 731 3682 steriles
751 3600 981 3694 moriuntur,
998 3620 1037 3681 et
1047 3603 1123 3692 illis
1279 3632 1349 3707 140

166 3815 169 3822 ,
202 3761 378 3862 Turgida
389 3781 467 3839 n'on
485 3753 636 3858 prodest
651 3751 805 3834 condita
820 3753 961 3854 pyxide
976 3753 1108 3854 Lyde;

202 3908 290 3990 Nec
303 3906 453 4008 prodest
471 3905 560 4006 agili
572 3903 717 4006 palmas
734 3902 900 4004 praebere
917 3903 1109 4004 Luperco·

152 4040 155 4046 ⁵
250 4056 359 4137 Vicit
374 4073 412 4144 et
424 4054 500 4136 hoc
518 4051 731 4134 monstrum
750 4051 908 4132 tunicati
924 4049 1071 4130 fuscina
1085 4049 1268 4146 Gracchi,
1285 4097 1289 4108 ·
1353 4125 1360 4140 .

203 4203 471 4306 Lustravitque
488 4199 579 4302 fuga
595 4189 762 4280 mediam
780 4197 963 4299 gladiator
976 4225 1141 4293 arenam,
1162 4249 1164 4254 ·
1274 4235 1279 4246 ·
1306 4217 1311 4229 '

1098 4385 1142 4395 ··
1282 4278 1392 4460 ,Er
