3354 5344
276 395 376 520 ἱ[48
518 389 833 528 Juvsuaurs
867 339 1078 486 Satrai
1116 365 1207 486 xit.
1250 383 1255 388 ’

274 614 425 696 Mensa.
476 609 597 696 Nefas
615 611 691 695 illic
707 609 847 692 foetum
857 606 1036 714 jugulare
1051 609 1204 713 capella
1213 644 1228 702 ς

276 759 466 844 Carnibus
480 761 659 842 humanis
676 757 774 840 vesci
790 757 893 838 licet.
945 757 1128 841 Attonito
1143 783 1236 836 cum

275 909 377 992 Tale
392 907 502 1012 super
517 934 669 989 coenam
687 905 832 990 facinus
852 927 1018 988 narraret
1034 903 1182 1006 Ulyffes
1378 999 1382 1004 Ι

276 1041 456 1150 Alcinoo,
475 1056 595 1136 bilem
612 1072 679 1136 aut
698 1054 816 1136 risum
834 1051 985 1136 fomffe
1002 1049 1229 1156 quibusdam
1315 1095 1320 1102 ·
1345 1087 1351 1096 ·
1382 1071 1426 1150 ις

276 1203 469 1291 Moverat,
488 1216 531 1280 ut
547 1195 713 1278 mendax
729 1196 954 1297 aretalogus.
1004 1195 1050 1276 ln
1067 1213 1172 1274 mare
1188 1216 1305 1272 nemo

277 1351 402 1433 Hunc
418 1344 547 1440 abicit,
572 1345 666 1426 saeva
681 1345 844 1449 dignum
863 1371 1027 1446 veraque
1042 1343 1266 1446 Charybdi„

278 1497 513 1600 Fingentem
529 1493 718 1574 immanes
736 1488 994 1590 Laestrygonas
1013 1507 1130 1594 atque
1146 1489 1360 1594 Cyclopas?

278 1641 387 1724 Nam
403 1638 516 1729 citius
530 1637 708 1738 Scyllam,
724 1635 782 1716 vel
799 1635 1064 1716 concurrentia
1078 1635 1165 1718 saxa

279 1786 442 1884 Cyanes,
466 1780 598 1886 plenos
613 1798 653 1863 et
669 1777 955 1882 tempestatibus
973 1797 1075 1860 utres
1377 1810 1429 1867 20

279 1933 531 2026 Crediderim,
549 1950 618 2051 aut
634 1929 740 2012 tenui
755 1927 968 2052 perculsum
984 1930 1137 2012 verbere
1154 1933 1299 2028 Crrces,

278 2083 334 2166 Et
351 2111 446 2165 cum
463 2079 672 2183 remigibus
687 2078 878 2182 grunnilie
896 2079 1086 2184 Elpenora
1102 2085 1241 2186 porcis.
1319 2143 1323 2150 -

279 2213 385 2310 Tam
401 2228 510 2310 vacui
525 2229 657 2332 capitis
670 2226 863 2331 populum
879 2225 1036 2308 Phaeaca
1052 2231 1223 2332 putavit?

281 2379 344 2458 Sic
358 2376 494 2480 aliquis
510 2378 649 2460 merito
666 2377 840 2458 nondum
857 2375 997 2470 ebrius,
1023 2394 1062 2458 et
1078 2378 1287 2464 minimum
1304 2386 1374 2488 qui

280 2525 344 2604 De
361 2525 558 2625 Corcyraea
575 2542 764 2605 temetum
781 2525 939 2604 duxerat
957 2551 1063 2606 urna.
1379 2557 1400 2612 a
1405 2560 1427 2636 ς

281 2676 389 2758 Solus
407 2677 513 2756 enim
532 2676 607 2756 hoc
624 2675 776 2758 Ithacus
794 2676 902 2756 nullo
917 2678 985 2758 sub
1005 2677 1096 2759 teste
1113 2675 1286 2763 canebat.

279 2819 366 2901 Nos
384 2820 556 2900 miranda
571 2821 743 2924 quidem,
760 2820 821 2900 sed
839 2849 974 2924 nuper,
993 2821 1147 2903 consule
1161 2825 1279 2930 Junio
1331 2843 1339 2851 '

280 2962 409 3056 Gesta,
428 2964 535 3066 super
551 2963 682 3046 calidae
699 2964 904 3048 referemus
925 2970 1225 3080 moeniaCopti3

280 3113 366 3196 Nos
384 3113 490 3216 vulgi
505 3111 678 3194 scelus-et
695 3115 842 3195 conclis
857 3117 1028 3216 graviora
1045 3117 1258 3202 cothurnis.
1315 3167 1318 3172 ·
1379 3155 1426 3232 29

279 3258 387 3344 Nam
400 3258 551 3362 scelusa
565 3259 720 3361 Pyrrha,
738 3288 961 3363 quanquam
976 3265 1108 3344 omnia
1124 3265 1287 3366 syrmata
1297 3271 1439 3378 volvas,

279 3401 424 3484 Nullus
447 3403 548 3506 apud
567 3403 752 3503 Tragicos
769 3404 934 3506 populus
953 3404 1058 3488 facit.
1110 3410 1258 3514 Accipe
1275 3413 1402 3497 nostro

248 3533 251 3540 ¹
279 3549 377 3630 Dira
394 3549 498 3651 quod
513 3548 735 3650 exemplum
753 3549 881 3632 feritas
898 3551 1120 3654 produxerit
1138 3581 1230 3636 aevo.

279 3693 385 3773 lnter
404 3689 588 3771 finitimos
606 3711 714 3772 vetus
732 3711 847 3794 atque
864 3695 1024 3797 antiqua
1042 3695 1224 3792 fimultas,
1336 3759 1340 3766 .

280 3836 505 3917 Immortale
517 3837 667 3929 odium,
688 3857 725 3916 et
743 3813 943 3941 nunquam
960 3840 1126 3923 sanabile
1140 3845 1278 3926 vulnus
1416 3825 1418 3829 ,

279 3984 403 4066 Ardet
413 3984 551 4078 adbuc,
562 3983 713 4064 Ombos
723 4004 763 4066 et
774 3987 958 4090 Tentyra.
990 3991 1174 4072 Summus
1185 3996 1365 4100 utrinque
1379 4021 1402 4098 3
1406 4021 1430 4100 ς

147 4150 150 4158 ·
279 4125 376 4212 lndc
389 4123 495 4210 furor
511 4125 640 4228 vulgo,
658 4125 765 4230 quod
783 4129 944 4212 numina
960 4131 1176 4216 vicinorum
1195 4158 1197 4166 J

1329 4279 1430 4365 Odit
