3342 5334
300 447 363 550 52
576 421 904 560 Juvuunurs
949 419 1164 522 Suum
1199 427 1272 522 Vl.

295 641 383 726 Hos
400 642 576 726 habitus?
602 645 759 748 quando
777 645 825 726 ad
838 644 971 748 palum
986 663 1114 748 gemat
1131 641 1376 748 uxorAsylli?
1414 649 1418 656 ’

295 783 454 888 Semper
469 785 587 868 habet
602 787 686 868 lites
703 787 919 890 alternaque
929 787 1059 892 jurgia
1072 789 1206 883 lectus,

292 926 340 1009 In
355 959 435 1033 quo
453 951 573 1032 nupta
581 931 705 1036 jacet:
731 935 942 1018 minimum
957 937 1150 1018 dormitur
1163 939 1204 1018 in
1220 935 1300 1020 illo.

292 1079 411 1162 Tunc
427 1083 549 1182 gravis
564 1083 736 1178 illaviro,
761 1101 855 1168 tunc
872 1084 966 1168 orba
981 1085 1121 1186 tigride
1139 1082 1265 1192 pejor,

290 1229 398 1308 Cum
414 1227 565 1311 fimulat
579 1231 747 1332 gemitus
763 1229 905 1314 oc'culti
920 1231 1068 1314 conscia
1081 1231 1186 1326 faoi,
1340 1235 1429 1326 '270
1462 1240 1466 1247 '

289 1377 374 1456 Aut
389 1375 471 1457 odit
485 1403 636 1480 pueros,
662 1383 729 1460 aut
744 1376 982 1482 filia'pellice
998 1381 1122 1484 plorat
1347 1381 1353 1390 '

290 1521 484 1604 Uberibus
500 1519 648 1626 semper
663 1522 854 1626 lacrymis,
879 1519 1101 1627 semperque
1121 1525 1260 1628 paratis

287 1673 335 1754 In
352 1670 510 1754 statione
526 1670 604 1764 suo,
630 1689 744 1775 atque
761 1671 1060 1774 exspectantibus
1076 1673 1197 1767 illam,

135 1851 140 1858 ·
287 1819 381 1930 Q)
395 1816 524 1917 iubeat
541 1842 695 1898 manare
711 1816 849 1899 modo:
874 1834 917 1900 tu
932 1818 1056 1900 credis
1072 1845 1257 1913 amorem,

285 1965 355 2046 Tu
372 1962 444 2044 tibi
460 1979 565 2050 tunc,
581 1987 743 2044 curruca
755 1962 894 2066 places,
910 1963 1126 2068 fletumque
1141 1961 1286 2048 labellis
1356 1985 1402 2064 27
1406 1985 1428 2066 ς

284 2108 491 2203 Exsorbes3
517 2135 601 2212 qum
624 2107 772 2214 scripta,
797 2128 838 2192 et
852 2136 946 2213 quas
962 2109 1106 2194 lecture
1121 2112 1292 2208 tabellas,

285 2261 325 2344 Si
338 2260 411 2342 tibi
427 2257 612 2362 zelotypae
627 2275 846 2364 retegantur
862 2259 997 2344 scrinia
1015 2262 1198 2346 mmchael

285 2404 473 2511 Sedjao‘et
486 2406 528 2486 in
543 2405 637 2486 servi
653 2405 932 2508 complexibus,
953 2427 1020 2490 aut
1037 2407 1200 2512 equitis:
1224 2409 1301 2504 dic,
1410 2409 1414 2418 ’

159 2566 163 2577 ’
278 2555 364 2636 Dic
382 2554 564 2657 aliquem,
588 2550 707 2648 sodes,
731 2551 808 2646 dic,
826 2553 1076 2661 Qintiliane,
1100 2555 1282 2636 colorem.
1410 2581 1413 2594 ¹

120 2697 121 2700 Ὺ
282 2704 512 2786 Haeremus:
538 2699 614 2794 ilic,
636 2695 727 2801 ipsa.
770 2699 881 2780 Olim
896 2707 1134 2796 convenerat,
1153 2702 1295 2807 inquit,
1353 2711 1426 2784 280
1503 2707 1508 2713 “

282 2853 342 2931 Ur
357 2848 497 2930 faceres
514 2867 557 2929 tu
573 2844 679 2950 quod
695 2843 829 2936 velles,
842 2855 925 2926 'n'oc
952 2873 1029 2926 non
1046 2871 1119 2949 ego
1135 2847 1280 2950 poffem

144 3037 146 3054 =
280 3000 484 3102 indulgere
500 2994 620 3078 mihi:
645 2994 786 3074 clames
803 2992 907 3084 licet,
932 3010 971 3074 et
987 3021 1091 3074 mare
1107 2993 1206 3074 coelo

280 3143 523 3235 Confundas,
544 3138 666 3220 homo
684 3135 782 3218 sum.
832 3135 947 3218 Nihil
963 3137 1018 3218 est
1034 3137 1212 3221 audacius
1228 3139 1311 3222 illis·

281 3287 508 3392 Deprbnfis:
534 3286 645 3376 iram,
671 3302 786 3387 atque
803 3285 951 3364 animos
967 3313 987 3364 a
1004 3286 1167 3366 crimine
1184 3287 1353 3372 sumunt:

280 3440 396 3520 Unde
410 3436 492 3517 haec
510 3432 676 3516 monstra
691 3451 834 3526 tamen,
855 3431 914 3514 vel
931 3460 1008 3535 quo
1026 3434 1073 3515 de
1089 3433 1198 3518 fonte
1214 3439 1397 3542 requiris?

280 3585 482 3669 Praestabnt
498 3585 614 3666 castas
630 3583 785 3664 humilis
801 3581 955 3664 fortuna
971 3583 1133 3666 Latinas
1349 3596 1420 3670 286

278 3731 504 3840 Qondam,
530 3755 604 3810 necv
617 3728 718 3808 vitiis
734 3728 908 3830 contingi
924 3755 1039 3830 parva
1054 3729 1196 3811 finebat
1266 3752 1270 3758 '
1335 3697 1339 3710 .

277 3881 402 3960 Tella
416 3875 537 3980 labor,
562 3873 760 3975 somnique
777 3853 922 3966 breves,
940 3891 979 3956 et
995 3875 1130 3956 vellere
1143 3873 1300 3962 Thusco

275 4024 433 4104 Vexatae
450 4025 628 4122 duraeque
643 4045 794 4112 monuo,
810 4046 863 4099 nc
879 3996 1076 4122 prolrimus
1093 4021 1179 4102 urbi

188 4259 193 4270 „
272 4172 459 4266 Annibal,
484 4170 676 4252 etzstantes
694 4168 847 4252 Collina
862 4169 901 4250 in
920 4187 1023 4250 turre
1041 4169 1182 4252 mariti.
1344 4195 1417 4273 290

1161 4317 1164 4325 ⁴
1298 4313 1417 4396 Nunc
