3354 5344
288 453 384 552 15²
471 425 820 566 ''Juveurrrs
857 429 1078 530 Sarrae.
1109 448 1202 536 XV.

279 643 343 724 De
360 643 610 730 conducendo
624 646 798 752 loquitur
806 647 891 756 jam
910 649 1060 736 rhetore
1076 655 1220 739 Thule.

277 787 432 870 Nobilis
449 789 512 870 ille
529 807 658 872 tamen
675 794 852 896 populus,
872 819 989 898 quern
1005 795 1188 893 diximus,
1207 821 1245 882 et
1262 829 1331 906 par
1389 855 1391 862 ,

278 932 431 1012 Virtute
447 950 562 1035 atque
579 931 667 1028 lide,
685 933 750 1018 sed
765 937 888 1038 major
902 938 1023 1033 clade,
1047 943 1249 1046 Saguntos,

276 1080 377 1163 Tale
394 1081 489 1184 quid
505 1081 669 1164 excusat.
719 1083 1138 1172 Moeotidesaeviorara
1352 1121 1393 1172 rr
1403 1117 1428 1194 5

274 1229 489 1331 AEgyptus:
514 1229 658 1334 quippe
674 1230 739 1311 illa
754 1232 908 1313 nefandi
924 1235 1090 1318 Taurica
1105 1236 1197 1318 sacri
1335 1245 1339 1252 '

273 1372 473 1458 Inventrix
488 1371 679 1466 homines,
697 1370 834 1479 utjam
850 1403 936 1477 quae
950 1379 1120 1460 carmina
1137 1378 1291 1460 tradunt

273 1521 408 1626 Digna
420 1519 495 1602 fide
511 1521 652 1614 credar,
671 1538 824 1606 tantum
839 1523 1039 1606 immolat:
1066 1525 1223 1608 ulterius
1240 1521 1295 1604 nil

272 1669 355 1748 Aut
372 1667 521 1771 gravius
539 1666 662 1750 cultro
679 1667 793 1748 timet
808 1665 943 1754 hostia
994 1669 1094 1778 Qis
1112 1669 1232 1754 modo
1250 1641 1368 1750 casus¹

271 1813 436 1916 Impulit
449 1811 548 1895 hos?
571 1839 657 1916 quae
673 1829 779 1894 tanta
793 1811 929 1907 sames,
947 1813 1158 1920 infestaque
1173 1817 1273 1901 vallo
1350 1841 1446 1902 rao.

103 2015 110 2030 t
270 1961 394 2041 Arma
409 1965 618 2058 coegerunt
636 1975 719 2038 tam
736 1955 955 2044 detestabile
970 1958 1186 2050 monstrum

268 2103 451 2184 Auderel
476 2129 573 2184 anne
590 2101 718 2194 aliam,
734 2120 832 2183 terra
847 2101 1111 2206 Memphitide
1129 2103 1236 2194 ficta,
1319 2154 1326 2164 ·

266 2249 459 2340 Invidiam
476 2248 644 2338 facerent
663 2247 808 2338 nolenti
824 2247 972 2352 surgere
989 2249 1112 2343 Nilo?

267 2399 357 2506 Qa
374 2426 445 2488 nec
462 2398 646 2483 terribiles
663 2396 827 2490 Cimbri,
840 2423 912 2484 nec
928 2395 1103 2491 Britones
1121 2425 1309 2504 unquam,

265 2545 572 2648 Sauromataeque
590 2563 727 2636 truces,
751 2561 818 2634 aut
835 2544 1025 2633 immanes
1042 2544 1257 2658 Agathyrfi,
1338 2575 1410 2652 125

264 2687 355 2780 Hac
372 2686 472 2776 saevit
489 2686 592 2769 rabie
607 2685 764 2770 imbelle
781 2705 820 2766 et
837 2685 973 2802 inutile
989 2687 1138 2790 vulgus,
1340 2661 1343 2666 Ι

262 2834 423 2916 Parvula
438 2833 617 2918 fictilibus
633 2831 787 2926 solitum
803 2831 892 2922 dare
909 2834 990 2916 vela
1006 2835 1178 2938 phaselis,

261 2977 317 3070 Et
334 2978 509 3072 brevibus
526 2979 637 3092 plstae
653 2978 767 3059 remis
784 2979 1008 3070 incumbere
1026 2979 1141 3066 testae.

258 3125 348 3209 Nec
363 3153 520 3230 poenam
535 3117 664 3216 sceleri
680 3125 864 3219 invenies,
884 3126 955 3214 nec
972 3126 1089 3230 digna
1104 3130 1253 3230 parabis
1330 3176 1335 3190 ·
1352 3223 1356 3230 ,

257 3273 451 3377 Supplicia
465 3272 526 3354 hir
542 3272 708 3376 populis,
725 3274 766 3354 in
783 3299 949 3375 quorum
965 3293 1095 3357 mente
1110 3302 1218 3377 pares
1234 3277 1319 3368 sunt
1333 3261 1405 3382 1¹30

255 3420 310 3504 Et
326 3419 464 3500 llmiles
479 3418 535 3498 ira
550 3435 668 3521 atque
682 3417 816 3501 fames.
866 3395 1090 3500 Molliffima
1104 3419 1221 3510 corda
1245 3527 1249 3533 ι

253 3569 444 3654 Humano
459 3545 588 3667 generi
605 3563 693 3643 dare
705 3535 747 3642 'se
764 3579 899 3644 natura
914 3551 1070 3656 fateturss

254 3713 354 3819 Qae
370 3711 553 3812 lacrymas
571 3707 696 3788 dedit:
721 3705 805 3798 hacc
820 3703 937 3788 nostri
953 3735 1038 3810 pars
1054 3708 1205 3811 optima
1218 3709 1355 3799 senas,

217 3943 223 3968 ⁸
250 3859 405 3942 Plorare
422 3883 513 3958 ergo
523 3852 636 3960 jubet
652 3852 802 3936 causam
819 3852 986 3955 lugentis
1002 3855 1131 3950 amici,

250 3998 567 4103 squalloremque
583 3997 649 4087 rei,
668 3993 862 4099 pupillum
877 3992 1021 4100 adjura
1035 4015 1237 4093 vocantem
1325 4025 1395 4102 1³5

247 4143 642 4259 circumscriptorem,
653 4137 768 4250 cujus
784 4141 981 4234 manantia
995 4141 1089 4232 fletu

1325 4292 1417 4376 ora
1508 4322 1514 4330 ·
