3342 5334
191 497 195 504 ,
290 423 328 514 4
572 393 887 528 Juvrunrrs
922 395 1131 492 Seruus
1157 407 1189 489 1.

290 611 471 696 Occurrit
482 633 662 720 ,matrona
676 634 824 720 potens,
839 643 923 720 quae
942 616 1058 698 molle
1072 615 1264 698 Calenum
1310 649 1314 656 ·
1404 651 1410 665 ·

287 747 510 830 porrectura
527 751 607 829 viro
621 749 754 830 miscet
767 748 913 830 litiente
930 750 1122 843 rubetam,
1383 765 1434 846 70

287 883 532 988 Instituitque
553 888 664 970 rudes
683 887 819 968 melior
839 887 1003 996 Locusta
1015 889 1261 992 propinquas,

287 1034 363 1114 Per
377 1035 525 1116 famam
540 1054 578 1118 et
595 1037 784 1140 populum
803 1040 929 1140 nigros
946 1035 1079 1157 efferre
1094 1037 1262 1117 maritos·

289 1179 403 1264 Aude
415 1183 559 1286 aliquid
574 1182 751 1266 brevibus
765 1185 902 1288 Gyaris
918 1205 957 1266 et
974 1213 1124 1269 carcere
1136 1185 1314 1288 dignum,

287 1325 327 1405 Si
343 1327 399 1407 vis
415 1327 488 1410 effe
502 1329 662 1434 aliquis:
689 1329 861 1412 Probitas
873 1330 1060 1425 laudatur,
1078 1349 1120 1437 et
1130 1331 1245 1432 alget.

288 1473 525 1558 Criminibus
540 1479 682 1560 debent
691 1476 839 1573 hortos,
856 1479 1042 1592 praetoria,
1062 1477 1222 1570 mensas,
1380 1494 1401 1572 7
1406 1493 1427 1572 5

286 1616 508 1718 Argentum
520 1637 642 1714 vetus,
661 1639 700 1704 et
712 1621 874 1702 stantem
887 1641 993 1704 extra
1009 1621 1147 1726 pocula
1159 1644 1332 1723 caprum.

283 1764 420 1871 Qem
436 1769 582 1870 patitur
597 1765 765 1851 dormire
777 1769 895 1854 nutris
908 1791 1109 1875 corruptor
1123 1797 1263 1863 avarae3

287 1915 419 2020 Qum
436 1915 575 2021 sponsae
592 1935 733 2022 turpes,
751 1937 790 1999 et
807 1940 1050 2023 pretextatus
1067 1917 1242 2004 adulter?

286 2065 326 2144 Si
341 2085 477 2150 natura
487 2087 615 2171 negat,
632 2069 726 2151 facit
742 2069 955 2186 indignatio
971 2071 1133 2164 versum,

277 2195 608 2324 Qalemcunque
624 2221 769 2323 potest:
788 2223 917 2323 quales
929 2251 1015 2326 ego,
1028 2222 1090 2307 vel
1098 2220 1319 2302 Cluuienus.
1379 2223 1428 2296 80

329 2371 394 2450 Ex
408 2396 490 2472 quo
508 2367 736 2463 Deucalion,
749 2372 892 2454 nimbis
907 2371 1128 2454 tollentibus
1141 2394 1283 2470 aequor,

281 2515 451 2616 Navigio
468 2534 643 2596 montem
659 2516 837 2613 ascendit,
855 2519 1043 2622 sortesque
1056 2515 1267 2622 poposcit„

279 2667 549 2767 Paulatimque
565 2666 692 2746 anima
702 2667 901 2751 caluerunt
917 2669 1049 2750 mollia
1063 2669 1161 2762 saxa,

280 2819 337 2898 Et
360 2813 528 2896 maribus
545 2815 664 2898 nudas
683 2817 844 2900 ostendit
861 2815 1004 2922 Pyrrha
1018 2817 1187 2919 puellas:

226 2982 228 2988 ’
283 2963 482 3076 Qicquid
491 2983 611 3066 agunt
622 2967 813 3061 homines,
822 2985 970 3060 votum,
980 2967 1110 3060 timor,
1118 2967 1184 3060 ira,
1195 2963 1382 3069 voluptas,
1499 2949 1503 2957 ⁵

279 3117 446 3209 Gaudia,
460 3115 658 3231 discursus,
677 3117 794 3198 nostri
810 3116 863 3198 est
877 3116 1026 3220 farrago
1038 3115 1170 3198 libelli.
1377 3123 1425 3198 86

280 3263 336 3346 Et
349 3262 503 3365 quando
520 3231 675 3342 uberior
691 3262 872 3345 vitiorum
884 3261 1022 3366 copia?
1047 3265 1203 3366 quando
1435 3239 1440 3252 .

280 3408 411 3512 Major
424 3409 585 3498 avaritiae
602 3409 725 3510 patuit
741 3407 868 3488 finus?
894 3407 974 3487 alea
990 3409 1145 3509 quando

278 3557 366 3639 Hos
382 3555 555 3676 animos?
580 3583 705 3661 neque
722 3559 827 3639 enim
842 3558 976 3666 lunulis
992 3558 1266 3640 comitantibus
1283 3559 1361 3642 itur
1385 3578 1398 3637 ’.
1438 3525 1446 3550 -,

277 3711 343 3790 Ad
351 3711 487 3790 tasum
505 3708 654 3800 tabulae,
673 3708 792 3808 posrta
808 3706 872 3791 sed
890 3708 1037 3788 luditur
1053 3733 1150 3797 arca.
1173 3769 1178 3777 .
1375 3739 1425 3812 90

275 3853 410 3936 Praelia
425 3870 568 3956 quanta
582 3852 662 3932 illic
677 3850 925 3966 dispensatore
942 3854 1087 3934 videbis

275 4004 482 4106 Armigero
499 4003 506 4084 !
533 4003 742 4106 fimplexne
758 4001 865 4082 furor
881 3985 1045 4084 sestertia
1061 4021 1220 4123 centum

274 4155 449 4250 Perdere,
469 4174 508 4238 et
523 4153 694 4236 horrenti
713 4153 885 4234 tunicam
903 4179 982 4235 non
1000 4154 1155 4236 reddere
1171 4153 1306 4238 servo?

1323 4271 1429 4412 Qs·
1461 4421 1463 4427 a
