<?xml version="1.0" encoding="UTF-8"?>
<!DOCTYPE html PUBLIC "-//W3C//DTD XHTML 1.0 Transitional//EN"
    "http://www.w3.org/TR/xhtml1/DTD/xhtml1-transitional.dtd">
<html xmlns="http://www.w3.org/1999/xhtml" xml:lang="en" lang="en">
 <head>
  <title>
</title>
<meta http-equiv="Content-Type" content="text/html;charset=utf-8" />
  <meta name='ocr-system' content='tesseract 3.04.00' />
  <meta name='ocr-capabilities' content='ocr_page ocr_carea ocr_par ocr_line ocrx_word'/>
</head>
<body>
  <div class='ocr_page' id='page_1' title='image "./djuniijuvenalis01persgoog_0019.png"; bbox 0 0 3342 5334; ppageno 0'>
   <div class='ocr_carea' id='block_1_1' title="bbox 407 425 1409 566">
    <p class='ocr_par' dir='ltr' id='par_1_1' title="bbox 407 425 1409 566">
     <span class='ocr_line' id='line_1_1' title="bbox 407 425 1409 566; baseline 0.01 -48"><span class='ocrx_word' id='word_1_1' title='bbox 407 429 865 519; x_wconf 77' lang='lat' dir='ltr'>nnnonnnonr</span> <span class='ocrx_word' id='word_1_2' title='bbox 901 425 1354 526; x_wconf 78' lang='lat' dir='ltr'>nxrnrcnrro.</span> <span class='ocrx_word' id='word_1_3' title='bbox 1398 443 1409 566; x_wconf 76' lang='lat'>&#39;.</span> 
     </span>
    </p>
   </div>
   <div class='ocr_carea' id='block_1_2' title="bbox 251 602 1455 2592">
    <p class='ocr_par' dir='ltr' id='par_1_2' title="bbox 338 602 1443 1119">
     <span class='ocr_line' id='line_1_2' title="bbox 338 602 1442 720; baseline 0.007 -22"><span class='ocrx_word' id='word_1_4' title='bbox 338 615 386 700; x_wconf 89' lang='lat' dir='ltr'>F.</span> <span class='ocrx_word' id='word_1_5' title='bbox 405 647 442 700; x_wconf 83' lang='lat' dir='ltr'>a.</span> <span class='ocrx_word' id='word_1_6' title='bbox 458 617 613 702; x_wconf 85' lang='lat' dir='ltr'>Teffera</span> <span class='ocrx_word' id='word_1_7' title='bbox 626 615 893 710; x_wconf 81' lang='lat' dir='ltr'>frumentaria,</span> <span class='ocrx_word' id='word_1_8' title='bbox 909 602 1074 720; x_wconf 78' lang='lat' dir='ltr'>fignuin,</span> <span class='ocrx_word' id='word_1_9' title='bbox 1098 612 1177 720; x_wconf 73' lang='lat' dir='ltr'>‹iuo</span> <span class='ocrx_word' id='word_1_10' title='bbox 1192 619 1382 720; x_wconf 83' lang='lat' dir='ltr'>exhibito,</span> <span class='ocrx_word' id='word_1_11' title='bbox 1393 649 1442 706; x_wconf 86' lang='lat' dir='ltr'>u·</span> 
     </span>
     <span class='ocr_line' id='line_1_3' title="bbox 387 747 1443 858; baseline 0.007 -26"><span class='ocrx_word' id='word_1_12' title='bbox 387 749 618 854; x_wconf 88' lang='lat' dir='ltr'>nusquisque</span> <span class='ocrx_word' id='word_1_13' title='bbox 639 747 882 830; x_wconf 88' lang='lat' dir='ltr'>frumentum</span> <span class='ocrx_word' id='word_1_14' title='bbox 906 775 977 852; x_wconf 91' lang='lat' dir='ltr'>pro</span> <span class='ocrx_word' id='word_1_15' title='bbox 993 751 1170 854; x_wconf 80' lang='lat' dir='ltr'>portione</span> <span class='ocrx_word' id='word_1_16' title='bbox 1186 754 1395 858; x_wconf 79' lang='lat' dir='ltr'>accipiebat</span> <span class='ocrx_word' id='word_1_17' title='bbox 1419 785 1443 838; x_wconf 81' lang='lat' dir='ltr'>a</span> 
     </span>
     <span class='ocr_line' id='line_1_4' title="bbox 387 873 1439 988; baseline 0.006 -26"><span class='ocrx_word' id='word_1_18' title='bbox 387 883 575 988; x_wconf 86' lang='lat' dir='ltr'>principe.</span> <span class='ocrx_word' id='word_1_19' title='bbox 604 879 700 960; x_wconf 82' lang='lat' dir='ltr'>Erat</span> <span class='ocrx_word' id='word_1_20' title='bbox 721 895 854 962; x_wconf 83' lang='lat' dir='ltr'>autem</span> <span class='ocrx_word' id='word_1_21' title='bbox 869 876 1000 962; x_wconf 79' lang='lat' dir='ltr'>reffera</span> <span class='ocrx_word' id='word_1_22' title='bbox 1024 873 1234 982; x_wconf 84' lang='lat' dir='ltr'>hospitalis.</span> <span class='ocrx_word' id='word_1_23' title='bbox 1263 884 1439 970; x_wconf 87' lang='lat' dir='ltr'>Gronov.</span> 
     </span>
     <span class='ocr_line' id='line_1_5' title="bbox 387 1011 1441 1119; baseline -0.004 -23"><span class='ocrx_word' id='word_1_24' title='bbox 387 1017 517 1096; x_wconf 84' lang='lat' dir='ltr'>Graec.</span> <span class='ocrx_word' id='word_1_25' title='bbox 535 1013 631 1092; x_wconf 89' lang='lat' dir='ltr'><strong>Ant.</strong></span> <span class='ocrx_word' id='word_1_26' title='bbox 651 1027 747 1092; x_wconf 85' lang='lat' dir='ltr'>torn.</span> <span class='ocrx_word' id='word_1_27' title='bbox 766 1037 803 1111; x_wconf 89' lang='lat'>9.</span> <span class='ocrx_word' id='word_1_28' title='bbox 824 1011 974 1112; x_wconf 67' lang='lat' dir='ltr'>Spectat</span> <span class='ocrx_word' id='word_1_29' title='bbox 991 1011 1068 1092; x_wconf 87' lang='lat' dir='ltr'>Sat.</span> <span class='ocrx_word' id='word_1_30' title='bbox 1082 1035 1117 1114; x_wconf 78' lang='grc' dir='ltr'>ς.</span> <span class='ocrx_word' id='word_1_31' title='bbox 1129 1015 1172 1100; x_wconf 78' lang='lat' dir='ltr'>rl.</span> <span class='ocrx_word' id='word_1_32' title='bbox 1192 1016 1260 1119; x_wconf 86' lang='lat'><strong>74.&#39;</strong></span> <span class='ocrx_word' id='word_1_33' title='bbox 1436 1075 1441 1092; x_wconf 79' lang='grc'><em>,</em></span> 
     </span>
    </p>

    <p class='ocr_par' dir='ltr' id='par_1_3' title="bbox 337 1128 1438 1384">
     <span class='ocr_line' id='line_1_6' title="bbox 337 1128 1438 1258; baseline 0.001 -22"><span class='ocrx_word' id='word_1_34' title='bbox 337 1153 384 1236; x_wconf 84' lang='lat' dir='ltr'>F.</span> <span class='ocrx_word' id='word_1_35' title='bbox 400 1181 436 1254; x_wconf 80' lang='lat'>3.</span> <span class='ocrx_word' id='word_1_36' title='bbox 467 1149 612 1252; x_wconf 82' lang='lat' dir='ltr'>Figura</span> <span class='ocrx_word' id='word_1_37' title='bbox 647 1146 758 1254; x_wconf 86' lang='lat' dir='ltr'>pueri</span> <span class='ocrx_word' id='word_1_38' title='bbox 797 1145 934 1250; x_wconf 83' lang='lat' dir='ltr'>strigili</span> <span class='ocrx_word' id='word_1_39' title='bbox 977 1145 1169 1234; x_wconf 85' lang='lat' dir='ltr'>lavantem</span> <span class='ocrx_word' id='word_1_40' title='bbox 1196 1128 1438 1258; x_wconf 69' lang='lat' dir='ltr'>abstergent.</span> 
     </span>
     <span class='ocr_line' id='line_1_7' title="bbox 385 1279 1282 1384; baseline -0.002 -17"><span class='ocrx_word' id='word_1_41' title='bbox 385 1282 610 1368; x_wconf 83' lang='lat' dir='ltr'>Montfauc.</span> <span class='ocrx_word' id='word_1_42' title='bbox 626 1299 723 1364; x_wconf 88' lang='lat' dir='ltr'>tom.</span> <span class='ocrx_word' id='word_1_43' title='bbox 732 1285 770 1362; x_wconf 84' lang='lat'>6.</span> <span class='ocrx_word' id='word_1_44' title='bbox 820 1279 973 1384; x_wconf 62' lang='lat' dir='ltr'>Spectat</span> <span class='ocrx_word' id='word_1_45' title='bbox 989 1281 1067 1363; x_wconf 88' lang='lat' dir='ltr'>Sat.</span> <span class='ocrx_word' id='word_1_46' title='bbox 1083 1307 1117 1384; x_wconf 84' lang='grc' dir='ltr'>ς.</span> <span class='ocrx_word' id='word_1_47' title='bbox 1135 1285 1176 1370; x_wconf 79' lang='lat' dir='ltr'>ri.</span> <span class='ocrx_word' id='word_1_48' title='bbox 1199 1289 1282 1366; x_wconf 84' lang='lat'>126.</span> 
     </span>
    </p>

    <p class='ocr_par' dir='ltr' id='par_1_4' title="bbox 334 1409 1435 1788">
     <span class='ocr_line' id='line_1_8' title="bbox 334 1409 1435 1518; baseline 0.001 -20"><span class='ocrx_word' id='word_1_49' title='bbox 334 1420 383 1509; x_wconf 83' lang='lat' dir='ltr'>F.</span> <span class='ocrx_word' id='word_1_50' title='bbox 397 1448 435 1518; x_wconf 70' lang='lat'>4„</span> <span class='ocrx_word' id='word_1_51' title='bbox 454 1413 670 1518; x_wconf 81' lang='lat' dir='ltr'>Imaginem</span> <span class='ocrx_word' id='word_1_52' title='bbox 693 1411 736 1494; x_wconf 87' lang='lat' dir='ltr'>io</span> <span class='ocrx_word' id='word_1_53' title='bbox 758 1436 872 1512; x_wconf 80' lang='lat' dir='ltr'>prora</span> <span class='ocrx_word' id='word_1_54' title='bbox 890 1411 996 1494; x_wconf 85' lang='lat' dir='ltr'>navis</span> <span class='ocrx_word' id='word_1_55' title='bbox 1018 1409 1247 1498; x_wconf 82' lang='lat' dir='ltr'>delineatam</span> <span class='ocrx_word' id='word_1_56' title='bbox 1265 1414 1435 1510; x_wconf 78' lang='lat' dir='ltr'>exhibet.</span> 
     </span>
     <span class='ocr_line' id='line_1_9' title="bbox 382 1541 1433 1656; baseline -0.005 -20"><span class='ocrx_word' id='word_1_57' title='bbox 382 1545 491 1656; x_wconf 72' lang='lat' dir='ltr'>cujus</span> <span class='ocrx_word' id='word_1_58' title='bbox 517 1542 709 1632; x_wconf 72' lang='lat' dir='ltr'>distinctio</span> <span class='ocrx_word' id='word_1_59' title='bbox 736 1541 825 1624; x_wconf 89' lang='lat' dir='ltr'>navi</span> <span class='ocrx_word' id='word_1_60' title='bbox 854 1567 998 1626; x_wconf 88' lang='lat' dir='ltr'>nornen</span> <span class='ocrx_word' id='word_1_61' title='bbox 1026 1543 1195 1628; x_wconf 84' lang='lat' dir='ltr'>indebat.</span> <span class='ocrx_word' id='word_1_62' title='bbox 1247 1545 1433 1630; x_wconf 85' lang='lat' dir='ltr'>Columo.</span> 
     </span>
     <span class='ocr_line' id='line_1_10' title="bbox 382 1675 1280 1788; baseline -0.002 -22"><span class='ocrx_word' id='word_1_63' title='bbox 382 1678 540 1788; x_wconf 78' lang='lat' dir='ltr'>Trajan.</span> <span class='ocrx_word' id='word_1_64' title='bbox 591 1677 744 1780; x_wconf 72' lang='lat' dir='ltr'>spectat</span> <span class='ocrx_word' id='word_1_65' title='bbox 760 1675 837 1758; x_wconf 86' lang='lat' dir='ltr'>Sat.</span> <span class='ocrx_word' id='word_1_66' title='bbox 857 1680 896 1758; x_wconf 84' lang='lat'>6.</span> <span class='ocrx_word' id='word_1_67' title='bbox 911 1677 954 1762; x_wconf 67' lang='grc' dir='ltr'>ι).</span> <span class='ocrx_word' id='word_1_68' title='bbox 969 1703 1032 1778; x_wconf 80' lang='lat'>30.</span> <span class='ocrx_word' id='word_1_69' title='bbox 1065 1677 1127 1760; x_wconf 88' lang='lat' dir='ltr'>Sic</span> <span class='ocrx_word' id='word_1_70' title='bbox 1140 1677 1280 1780; x_wconf 76' lang='lat' dir='ltr'>virgil.</span> 
     </span>
    </p>

    <p class='ocr_par' dir='ltr' id='par_1_5' title="bbox 433 1791 1455 2028">
     <span class='ocr_line' id='line_1_11' title="bbox 433 1791 1455 1916; baseline -0.004 -20"><span class='ocrx_word' id='word_1_71' title='bbox 433 1859 475 1880; x_wconf 85' lang='lat'>·-</span> <span class='ocrx_word' id='word_1_72' title='bbox 493 1807 806 1916; x_wconf 80' lang='lat' dir='ltr'>auratofirlgebat</span> <span class='ocrx_word' id='word_1_73' title='bbox 821 1807 1003 1916; x_wconf 85' lang='lat' dir='ltr'>Apolline</span> <span class='ocrx_word' id='word_1_74' title='bbox 1030 1809 1174 1916; x_wconf 74' lang='lat' dir='ltr'>puppii.</span> <span class='ocrx_word' id='word_1_75' title='bbox 1441 1791 1455 1819; x_wconf 72' lang='lat'><em>⁴</em></span> 
     </span>
     <span class='ocr_line' id='line_1_12' title="bbox 478 1943 1155 2028; baseline 0.003 -2"><span class='ocrx_word' id='word_1_76' title='bbox 478 1945 545 2028; x_wconf 88' lang='lat' dir='ltr'>Et.</span> <span class='ocrx_word' id='word_1_77' title='bbox 559 1943 725 2028; x_wconf 78' lang='lat' dir='ltr'>Silltal.</span> <span class='ocrx_word' id='word_1_78' title='bbox 1152 1987 1155 1998; x_wconf 92' lang='lat'>·</span> 
     </span>
    </p>

    <p class='ocr_par' dir='ltr' id='par_1_6' title="bbox 251 2075 1175 2182">
     <span class='ocr_line' id='line_1_13' title="bbox 251 2075 1175 2182; baseline -0.011 -12"><span class='ocrx_word' id='word_1_79' title='bbox 251 2083 254 2086; x_wconf 65' lang='grc'><strong>’</strong></span> <span class='ocrx_word' id='word_1_80' title='bbox 382 2085 528 2170; x_wconf 80' lang='lat' dir='ltr'>Numen</span> <span class='ocrx_word' id='word_1_81' title='bbox 539 2096 623 2162; x_wconf 85' lang='lat' dir='ltr'>erat</span> <span class='ocrx_word' id='word_1_82' title='bbox 637 2077 736 2178; x_wconf 78' lang='lat' dir='ltr'>celsae</span> <span class='ocrx_word' id='word_1_83' title='bbox 747 2075 881 2182; x_wconf 78' lang='lat' dir='ltr'>puppis</span> <span class='ocrx_word' id='word_1_84' title='bbox 895 2076 1017 2160; x_wconf 83' lang='lat' dir='ltr'>vicina</span> <span class='ocrx_word' id='word_1_85' title='bbox 1033 2075 1175 2164; x_wconf 86' lang='lat' dir='ltr'>Dione.</span> 
     </span>
    </p>

    <p class='ocr_par' dir='ltr' id='par_1_7' title="bbox 383 2203 1432 2318">
     <span class='ocr_line' id='line_1_14' title="bbox 383 2203 1432 2318; baseline -0.002 -24"><span class='ocrx_word' id='word_1_86' title='bbox 383 2232 500 2318; x_wconf 88' lang='lat' dir='ltr'>atque</span> <span class='ocrx_word' id='word_1_87' title='bbox 528 2214 582 2296; x_wconf 88' lang='lat' dir='ltr'>ita</span> <span class='ocrx_word' id='word_1_88' title='bbox 609 2210 695 2296; x_wconf 84' lang='lat' dir='ltr'>navi</span> <span class='ocrx_word' id='word_1_89' title='bbox 721 2204 989 2294; x_wconf 75' lang='lat' dir='ltr'>Alexandrina</span> <span class='ocrx_word' id='word_1_90' title='bbox 1020 2234 1098 2312; x_wconf 91' lang='lat' dir='ltr'>qua</span> <span class='ocrx_word' id='word_1_91' title='bbox 1135 2209 1190 2294; x_wconf 90' lang='lat' dir='ltr'>D.</span> <span class='ocrx_word' id='word_1_92' title='bbox 1208 2203 1350 2296; x_wconf 70' lang='lat' dir='ltr'>Paulus</span> <span class='ocrx_word' id='word_1_93' title='bbox 1382 2235 1432 2292; x_wconf 82' lang='lat' dir='ltr'>ex</span> 
     </span>
    </p>

    <p class='ocr_par' dir='ltr' id='par_1_8' title="bbox 287 2335 1432 2442">
     <span class='ocr_line' id='line_1_15' title="bbox 287 2335 1432 2442; baseline -0.005 -14"><span class='ocrx_word' id='word_1_94' title='bbox 287 2345 289 2352; x_wconf 55' lang='lat'>‘</span> <span class='ocrx_word' id='word_1_95' title='bbox 383 2341 502 2428; x_wconf 84' lang='lat' dir='ltr'>insula</span> <span class='ocrx_word' id='word_1_96' title='bbox 529 2339 722 2442; x_wconf 81' lang='lat' dir='ltr'>Mytilene</span> <span class='ocrx_word' id='word_1_97' title='bbox 748 2335 969 2442; x_wconf 77' lang='lat' dir='ltr'>syracusam</span> <span class='ocrx_word' id='word_1_98' title='bbox 995 2335 1217 2432; x_wconf 84' lang='lat' dir='ltr'>vehebatur,</span> <span class='ocrx_word' id='word_1_99' title='bbox 1247 2339 1432 2440; x_wconf 74' lang='lat' dir='ltr'>castorm</span> 
     </span>
    </p>

    <p class='ocr_par' dir='ltr' id='par_1_9' title="bbox 361 2455 1303 2592">
     <span class='ocr_line' id='line_1_16' title="bbox 361 2455 1303 2592; baseline 0.002 -34"><span class='ocrx_word' id='word_1_100' title='bbox 361 2455 527 2592; x_wconf 33' lang='lat' dir='ltr'>,infigne</span> <span class='ocrx_word' id='word_1_101' title='bbox 544 2492 637 2558; x_wconf 88' lang='lat' dir='ltr'>erat.</span> <span class='ocrx_word' id='word_1_102' title='bbox 664 2474 754 2558; x_wconf 73' lang='lat' dir='ltr'>Ast.</span> <span class='ocrx_word' id='word_1_103' title='bbox 773 2471 908 2578; x_wconf 80' lang='lat' dir='ltr'>Apost.</span> <span class='ocrx_word' id='word_1_104' title='bbox 926 2474 1023 2582; x_wconf 80' lang='lat' dir='ltr'>Cap.</span> <span class='ocrx_word' id='word_1_105' title='bbox 1041 2481 1101 2560; x_wconf 82' lang='lat'>28.</span> <span class='ocrx_word' id='word_1_106' title='bbox 1118 2501 1227 2560; x_wconf 85' lang='lat' dir='ltr'>com.·</span> <span class='ocrx_word' id='word_1_107' title='bbox 1245 2501 1303 2560; x_wconf 82' lang='lat' dir='ltr'>ra.</span> 
     </span>
    </p>
   </div>
   <div class='ocr_carea' id='block_1_3' title="bbox 0 0 1682 5334">
    <p class='ocr_par' dir='ltr' id='par_1_10' title="bbox 0 0 1682 5334">
     <span class='ocr_line' id='line_1_17' title="bbox 0 0 1682 5334; baseline 0 0"><span class='ocrx_word' id='word_1_108' title='bbox 0 0 1682 5334; x_wconf 95' lang='lat' dir='ltr'> </span> 
     </span>
    </p>
   </div>
  </div>
 </body>
</html>
