3342 5334
320 553 322 566 .
430 497 433 510 ·
469 435 795 586 Juvuunu'rs
829 451 1047 554 Sutura
1071 461 1129 586 ΙΙ.
1293 487 1360 557 rr

206 679 303 765 Non
315 677 439 762 sumet
455 677 635 769 damnata
650 693 796 779 togam.
823 675 896 762 sed
911 677 1039 780 Julius
1056 677 1179 772 adet,
1303 699 1360 778 70

191 829 358 938 ¹AEstuo,
394 825 536 912 Nudus
553 851 654 926 agas,
675 825 803 910 minus
820 824 874 910 cst
891 825 1034 910 infmia
1050 827 1185 934 turpia.

175 987 184 998 '
208 977 272 1058 En
289 975 481 1066 habitum,
494 1001 574 1078 quo
592 990 630 1058 te
647 973 750 1078 leget
770 968 911 1076 acjura
928 971 1118 1058 ferentem

209 1124 441 1206 Vulneribus
457 1123 583 1210 crudit
602 1121 765 1225 populus
785 1122 904 1208 modo
919 1122 1052 1218 vietor,
1066 1142 1106 1208 et
1122 1124 1219 1226 iuuat
1365 1131 1368 1138 ’

209 1278 449 1367 Montanum
465 1270 592 1376 potitis
611 1270 758 1356 audiret
769 1271 906 1373 vulgus
924 1273 1069 1360 aratris.
1140 1367 1143 1376 .
1251 1315 1254 1324 =
1364 1280 1368 1287 '

210 1428 318 1538 Qid
335 1427 358 1507 ,θ’
375 1453 454 1510 non
473 1423 700 1527 proclames,
718 1424 759 1504 in
775 1425 1159 1530 corporejudicieista
1309 1449 1361 1532 75

210 1579 250 1660 si
267 1575 420 1658 videas?
444 1601 588 1677 quero,
606 1599 654 1654 an
668 1571 829 1654 deceant
845 1575 1015 1660 multitia
1025 1577 1191 1665 testem?
1439 1581 1445 1589 '

209 1729 325 1818 Acer,
343 1717 383 1804 et
398 1721 624 1814 indomitus,
637 1718 894 1824 libertatisque
909 1725 1091 1826 magister

210 1875 375 1967 Cretice,
395 1871 573 1976 polluces.
600 1872 721 1953 Dedit
732 1869 833 1954 hanc
848 1873 1030 1977 contagio
1043 1871 1187 1972 labem,

208 2027 263 2108 Et
281 2024 387 2108 dabit
403 2025 444 2105 in
459 2023 610 2128 plures:
645 2021 741 2104 ficut
756 2047 853 2125 grex
869 2039 974 2106 totus
993 2026 1035 2106 in
1053 2027 1152 2130 agria

209 2171 336 2254 Unius
349 2170 471 2252 scabie
488 2169 603 2264 cadit,
619 2186 659 2251 et
674 2167 868 2272 porrigine
882 2170 1011 2272 porci3
1309 2183 1368 2260 80
1464 2147 1469 2155 x

209 2323 372 2422 Uvaque
388 2317 758 2420 eonspectalivorem
769 2317 877 2398 ducit
893 2318 942 2398 ab
960 2347 1047 2404 uva.
1364 2321 1370 2330 ’

208 2469 243 2548 F
244 2467 366 2550 oedius
381 2465 458 2548 hoe
481 2463 624 2568 aliquid
639 2465 872 2568 quandoque
888 2467 1045 2552 audebit
1055 2470 1221 2554 amictu:

209 2614 516 2718 Nemorepente
534 2611 610 2698 fuit
625 2611 873 2716 turpiffimua.
915 2617 1120 2719 Accipient
1136 2636 1176 2700 te
1256 2625 1259 2632 '
1321 2685 1323 2688 .
1364 2653 1366 2662 a

209 2754 416 2856 Paulatim,
433 2763 502 2864 qui
517 2760 634 2861 longa
648 2760 757 2842 domi
773 2761 1000 2844 redimicula
1014 2763 1177 2846 sumtmt

210 2911 434 3003 Frontibus,
450 2925 489 2993 et
504 2925 587 2994 toto
605 2907 763 3010 posuere
779 2905 942 2995 monilia
956 2905 1071 3000 coilo,
1120 2983 1123 2990 .
1313 2919 1369 3014 ὃς.

210 3061 344 3162 Atque
360 3059 509 3140 Bonam
526 3074 664 3142 tenerae
680 3055 834 3159 placant
850 3046 1056 3140 abdomine
1068 3079 1206 3159 porcae,
1264 3087 1267 3096 ¹
1363 3063 1370 3138 ζ

209 3206 265 3288 Et
281 3232 423 3306 magno
440 3220 585 3284 cratero
601 3203 731 3288 Deam
749 3231 760 3289 t
775 3201 858 3288 ‘sed
876 3227 984 3288 mure
999 3199 1145 3288 finistro

209 3350 414 3451 Exagitata
429 3347 563 3453 procul
579 3372 659 3430 non
673 3349 790 3436 intrat
809 3345 972 3434 foemint
987 3347 1123 3435 limen.
1171 3425 1175 3432 .
1249 3422 1296 3436 ,.
1364 3415 1368 3423 .

212 3498 307 3580 Solis
326 3525 389 3584 ara
401 3499 496 3584 Dea
514 3495 682 3586 maribus
698 3495 827 3600 patet!
853 3495 914 3582 Ite
929 3495 1121 3597 profane!

211 3648 439 3738 clamatur:
471 3645 579 3750 nullo
596 3647 718 3748 gemit
733 3647 800 3732 hic
815 3646 1125 3738 tibicina-cornu.
1311 3673 1369 3758 pu

210 3797 324 3906 Talia
342 3797 480 3884 secreta
495 3795 696 3886 coluerunt
709 3797 831 3900 Orgia
845 3798 946 3884 teda
1189 3899 1193 3904 ¹
1362 3871 1369 3884 .

210 3946 440 4050 Cecropiam
456 3945 700 4048 solitiBaptae
713 3943 842 4030 laffare
858 3947 1032 4049 Cotytto.
1361 3979 1367 4012 ³

173 4131 179 4150 1
210 4093 281 4182 Ille
291 4093 536 4197 supercilium
552 4093 706 4176 madida
720 4093 882 4197 fuligine
898 4099 1047 4180 tastum

212 4237 383 4362 phliqua
398 4241 577 4361 producit
595 4270 679 4341 acu,
697 4243 900 4350 pingitque
916 4259 1124 4338 trementes
1264 4279 1266 4286 ·
1365 4313 1367 4318 .

324 4367 328 4384 ’
1226 4381 1363 4466 Attol-
