3350 5336
350 495 448 590 140
586 461 906 598 Juuruttrs
942 453 1154 557 'Sarrnn
1194 455 1306 578 XIV.

342 683 475 772 Nocte
488 681 606 764 boves
622 679 757 774 macri,
779 675 950 782 lassoque
964 673 1142 758 famelica
1156 675 1256 758 collo

344 835 536 916 Armenta
552 827 601 910 ad
615 824 752 908 virides
769 819 884 930 hujus
900 821 1104 905 mittentur
1121 821 1269 915 aristaee
1420 883 1424 894 .

345 977 435 1062 Nec
451 978 556 1082 prius
573 971 663 1056 inde
679 969 856 1063 domum,
881 995 1001 1074 quam
1018 986 1100 1051 tota
1116 970 1265 1052 novalia
1281 966 1395 1050 saevos

345 1125 395 1208 ln
409 1139 557 1206 ventres
571 1119 721 1209 abeant,
744 1131 790 1197 ut
804 1111 933 1195 credas
948 1111 1109 1194 falcibus
1127 1117 1284 1198 astum..
1313 1159 1317 1173 ·

346 1272 488 1356 Dicere
505 1267 570 1348 vix
585 1261 711 1370 possis,
737 1287 857 1366 quam
872 1259 987 1341 multi
1003 1257 1093 1342 talia
1108 1259 1271 1364 plorent,
1409 1289 1440 1340 ,ι
1448 1285 1500 1363 50

345 1419 402 1501 Et
418 1429 515 1520 quot
531 1409 679 1493 venales
695 1402 832 1511 injuris
847 1402 980 1487 fecerit
995 1433 1117 1508 agros.

348 1559 423 1642 Sed
438 1557 506 1663 qui
522 1539 738 1637 sermones?
763 1577 883 1657 quam
896 1548 1009 1636 soedae
1025 1549 1188 1632 buccina
1204 1549 1343 1632 samae?

347 1702 460 1812 Qid
473 1685 695 1791 docethaec,
720 1695 860 1798 inquit.
907 1695 1105 1780 Tunicam
1118 1691 1215 1782 mibi
1230 1697 1336 1779 malo
1353 1695 1493 1802 lupini,
1649 1732 1650 1772 r

348 1851 484 1959 Qam
501 1847 530 1930 si
545 1873 609 1927 me
625 1861 709 1927 toto
725 1843 853 1924 laudet
868 1843 1006 1925 vicinia
1021 1873 1123 1949 pago

348 2007 498 2110 Exigui
515 2001 611 2088 ruris
627 1997 847 2106 bauciffima
863 1973 961 2082 sarra
978 1999 1180 2114 secantem.
1297 1981 1302 1990 ¹
1424 2027 1510 2111 ¹55·
1650 2038 1651 2072 r

349 2148 504 2233 Scilicet
521 2164 560 2227 et
576 2142 720 2226 morbis
736 2161 777 2224 et
792 2140 987 2224 debilitate
1002 2143 1161 2239 carebis,
1260 2191 1264 2198 -

178 2279 182 2287 ¹
250 2363 254 2377 .
346 2296 405 2381 Et
418 2295 571 2376 luctum
586 2309 625 2375 et
640 2318 774 2372 curam
790 2287 963 2392 effugies,
988 2308 1027 2372 et
1045 2307 1219 2396 tempora
1234 2291 1322 2374 vitae

347 2443 488 2546 Longa
502 2441 574 2522 tibi
589 2437 673 2544 posi
689 2437 773 2519 haec
790 2435 872 2524 fato
888 2437 1044 2543 meliore
1060 2436 1275 2532 dabuntur,
1429 2479 1434 2490 ·
1490 2493 1495 2500 -

193 2631 195 2638 ·
349 2591 390 2674 Si
405 2606 560 2671 tantum
574 2553 673 2669 culti
690 2585 787 2667 solus
804 2584 1003 2690 possederis
1020 2585 1113 2687 agri,

350 2731 554 2844 Quantum
570 2731 638 2814 sub
654 2729 772 2812 Tatio
788 2730 954 2834 populus
972 2731 1173 2813 Romanus
1189 2730 1329 2814 arabat.
1424 2739 1494 2816 160

347 2880 452 2968 Mox
468 2882 585 2962 etiam
600 2877 729 2961 fractis
746 2897 868 2978 aetatc,
893 2863 1099 2961 ac·Punica
1114 2881 1223 2984 paffis
1286 2927 1289 2934 ·

348 3023 498 3119 Praelia,
522 3024 582 3106 vel
595 3013 789 3126 Pyrrhum
804 3017 1029 3119 immanem,
1055 3025 1275 3132 gladiosque
1291 3025 1496 3129 Molossos,

348 3166 529 3249 Tandem
545 3195 616 3270 pro
631 3166 763 3252 multis
780 3165 989 3272 vixjugera
1005 3171 1097 3252 bina
1112 3170 1302 3254 dabantur
1492 3145 1496 3155 .

257 3305 264 3313 ’
346 3311 599 3396 Vblneribus.
649 3313 802 3396 Merces
820 3314 863 3396 e'a
880 3315 1068 3416 sanguinis
1084 3335 1201 3422 atque
1218 3317 1356 3402 laboris
1492 3309 1495 3314 ’

348 3459 480 3546 Nullis
497 3462 572 3544 visa
590 3490 765 3566 unquam
781 3463 927 3546 meritis
945 3463 1085 3560 minor,
1111 3469 1177 3548 aut
1192 3439 1364 3573 ingratae'
1404 3445 1465 3552 '16
1470 3500 1490 3579 ς

348 3599 472 3690 Curta
486 3605 578 3689 fides
594 3609 739 3712 patriae.
789 3609 989 3692 Saturabat
1004 3612 1158 3718 glebula
1172 3585 1258 3698 talis

349 3748 504 3830 Patrem
520 3748 660 3853 ipsum,
685 3745 918 3853 turbamque
933 3751 1036 3845 casae,
1062 3781 1140 3858 qua
1152 3751 1409 3860 soetajacebat

349 3894 474 3988 Uxor,
499 3885 718 3974 et'insantes
734 3892 917 3980 ludebant
932 3915 1109 3999 quatuor,
1135 3926 1236 3982 unus
1269 3951 1270 3956 Ν

349 4034 632 4132 Vernula,-·-tres
648 4037 820 4121 domini:
844 4041 1073 4146 sedmagnis
1091 4042 1270 4126 fratribus
1287 4045 1431 4130 horum

303 4249 307 4256 .
349 4179 532 4269 A'scrobe
550 4181 609 4270 vel
625 4181 728 4270 sulco
744 4183 1004 4285 redeuntibus,
1030 4181 1270 4282 altera-crena
1393 4219 1398 4228 ·
1424 4217 1494 4292 1'720

1390 4340 1493 4433 nn*
