3342 5334
144 449 211 476 «
285 425 354 518 40
513 397 1186 534 Juvruarrssrrrnnv.

282 621 330 702 In
342 617 537 722 gremium
547 623 663 726 patris
678 624 814 710 fundat
829 627 955 724 simul,
971 631 1049 734 ipse
1063 631 1216 738 loqwi

282 767 480 850 Gaudebit
494 769 598 862 nido,
615 773 775 856 viridem
791 773 945 856 thoraca
956 772 1113 880 jubebit

280 923 439 1018 Afferri‚
453 923 706 1028 minimasque
721 950 852 1017 nuces,
868 921 1061 1027 assemque
1075 943 1265 1028 rogatum,

280 1071 347 1153 Ad
366 1071 537 1154 mensam
548 1073 704 1174 quoties
720 1071 899 1176 parasitus
913 1071 1057 1154 venerit
1071 1071 1211 1158 insane.
1358 1103 1429 1180 ¹45

279 1217 432 1302 Vilibus
448 1219 631 1324 ancipites
647 1218 761 1328 fungi
776 1239 968 1326 ponentur
983 1221 1129 1332 amicir,
1337 1323 1342 1337 Ι

280 1367 437 1450 Boletus
454 1367 613 1448 domino
629 1401 642 1460 ς
668 1365 731 1448 sed
747 1367 903 1472 qualem
918 1369 1105 1454 Claudius
1124 1371 1204 1453 edit

168 1559 193 1582 ··
281 1517 389 1598 Ante
404 1516 675 1609 illum-uxoris,
692 1515 776 1620 post
792 1543 912 1620 quem
928 1517 983 1598 nil
999 1517 1162 1621 amplius
1178 1517 1269 1600 edit.

281 1661 397 1744 Virro
413 1663 482 1746 fibi
499 1680 539 1746 et
551 1662 705 1767 reliquis
723 1663 951 1748 Virronibus
966 1661 1194 1768 illajubebit

280 1809 403 1894 Poma
419 1811 511 1906 dari,
529 1837 697 1914 quorum
713 1809 790 1893 solo
805 1811 962 1915 pascaris
973 1813 1116 1904 odorer
1356 1835 1428 1912 ¹50

282 1959 423 2066 Qalia
437 1978 642 2067 perpetuus
658 1958 864 2045 Phaeacum
880 1965 1106 2044 Autumnus
1121 1958 1299 2054 habebat,
1396 2040 1401 2062 ,

281 2108 452 2190 Credere
466 2137 552 2216 quae
569 2108 679 2213 poffis
697 2109 866 2213 surrepta
880 2107 1067 2192 sororibus
1084 2105 1204 2190 Afris.

281 2255 350 2338 Tu
361 2255 481 2338 scabie
498 2256 629 2341 frueris
643 2257 748 2353 mali,
763 2259 868 2364 quod
883 2259 924 2340 in
940 2285 1076 2363 aggere
1091 2257 1193 2340 rodit

281 2407 365 2511 Qi
376 2409 518 2510 tegitur
532 2435 676 2510 parma,
697 2427 736 2490 et
751 2408 869 2512 galea,
892 2405 1143 2512 metuensque
1160 2405 1300 2510 flagelli

279 2557 403 2640 Discit
418 2556 465 2638 ab
482 2553 807 2658 hirsutajaculum
822 2573 1000 2664 torquere
1016 2553 1171 2658 capella.
1356 2577 1423 2658 155

280 2705 451 2787 Forfitan
468 2704 645 2809 impensae
663 2705 869 2785 Virronem
885 2731 1036 2809 parcere
1056 2701 1210 2784 credas:

277 2859 370 2942 Hoc
387 2851 465 2961 agit
482 2877 526 2940 ut
543 2856 691 2975 doleas:
718 2882 811 2937 nam
829 2883 915 2961 quae
927 2851 1132 2945 comoedia,
1155 2851 1304 2934 mimus

281 3011 386 3118 Qio
398 3008 534 3092 melior
543 3008 715 3118 plorante
731 3003 850 3106 gula?
879 3029 971 3106 ergo
987 3000 1119 3081 omnia
1135 2997 1249 3094 fiunt,

206 3207 209 3212 ,
281 3155 321 3235 Si
337 3154 467 3247 nescis,
487 3170 532 3233 ut
546 3180 613 3256 per
627 3151 811 3254 lacrymas
832 3146 1026 3230 effundere
1045 3145 1166 3228 bilem

280 3301 454 3402 Cogeris,
471 3299 669 3406 pressoque
685 3299 752 3380 diu
766 3295 918 3381 stridere
934 3293 1083 3378 molari.
1357 3298 1427 3375 160

278 3451 348 3534 Tu
364 3452 435 3534 tibi
446 3453 541 3533 siber
556 3451 691 3545 hom0,
710 3469 749 3532 et
766 3449 861 3552 regis
879 3441 1037 3530 conviva
1054 3445 1216 3537 viderier

192 3609 197 3618 '
279 3597 453 3701 Captum
470 3615 508 3677 te
525 3594 656 3678 nidore
670 3595 741 3676 suae
758 3613 869 3698 putet
882 3595 945 3678 ille
956 3593 1116 3675 culinae:

277 3740 366 3823 Nec
383 3740 484 3820 maie
498 3735 707 3842 conjectat:
735 3739 820 3841 quis
838 3740 943 3844 enim
959 3757 1040 3818 tam
1057 3736 1196 3830 nudus,
1215 3755 1258 3818 ut
1274 3736 1385 3820 illum

277 3879 342 3962 Bis
359 3879 469 3976 serat,
483 3881 688 3962 Etruscum
704 3869 825 3984 puero
841 3883 869 3966 fi
886 3883 1049 3985 contigit
1060 3908 1212 3977 aurum,

276 4025 353 4110 Vel
371 4028 493 4111 nodus
518 4048 682 4125 tantum,
699 4051 738 4114 et
756 4032 908 4136 signum
924 4034 972 4115 de
988 4060 1151 4138 paupere
1164 4032 1280 4114 loro?
1356 4039 1423 4138 165

224 4297 226 4304 Ι
277 4175 368 4283 Spes
384 4174 481 4258 bene
501 4176 676 4259 coenandi
693 4205 759 4262 vos
775 4180 931 4286 decipit.
956 4178 1286 4287 Ecce,‚dabitjnm
1334 4284 1336 4289 .

289 4333 293 4340 ’
1295 4329 1427 4412 Seme-
