3350 5336
134 493 137 505 ‘
282 508 351 612 70
490 473 821 614 Jouruanrs
861 475 1210 574 saturavit.

276 701 364 788 Nos
382 717 512 786 tamen
528 693 604 782 hoc
620 701 784 804 agimus,
809 700 993 806 tenuique
1007 701 1049 782 in
1063 695 1358 804 parnis-sulca·

274 848 483 942 Ducimus,
507 861 547 930 et
563 849 652 930 litus
668 845 783 928 sterili
798 844 990 930 versmus
1003 861 1140 928 anuo.
1248 879 1253 890 ·

274 992 385 1078 Nam
401 993 428 1074 fi
444 991 621 1087 discedas,
644 989 785 1096 laqueo
796 1009 902 1073 tenet
915 989 1107 1074 ambitiosi

117 1211 124 1244 ,
272 1139 521 1227 Consuetudo
535 1139 644 1235 mali3
670 1157 774 1223 tenet
789 1125 992 1220 nsaabile
1006 1137 1151 1222 multos

277 1290 475 1376 Scribendi
488 1288 703 1386 cacoethes,
727 1285 766 1371 et
783 1265 883 1392 aegro
898 1289 940 1372 in
955 1287 1069 1371 corde
1085 1285 1253 1372 senescit.
1327 1265 1331 1274 ¹

128 1495 145 1552 3
277 1442 353 1525 Sed
368 1458 497 1560 vatem
512 1439 724 1544 egregium,
750 1437 814 1520 cui
829 1461 908 1518 non
926 1433 972 1518 fit
989 1433 1283 1542 publicarem,

278 1589 362 1698 Q
376 1588 473 1671 nihil
490 1573 704 1692 expositum
720 1585 834 1667 soleat
848 1579 1047 1678 deducere,
1072 1609 1146 1664 nec
1163 1584 1231 1686 qui
1335 1605 1339 1614 “

276 1736 493 1822 Communi
506 1733 617 1818 feriat
632 1759 789 1846 carmen
803 1729 948 1813 triviale
964 1727 1137 1825 moneta3
1371 1755 1417 1836 55

271 1879 411 1975 Hunc,
436 1879 591 1984 qualem
607 1905 756 1985 nequeo
772 1875 991 1971 monstrare,
1016 1894 1055 1959 et
1071 1875 1189 1958 sentio
1207 1893 1374 1971 tantum,

275 2023 483 2108 Anxietate
499 2035 629 2107 carens
648 2022 797 2104 animus
813 2019 923 2128 facit,
943 2021 1069 2102 omnis
1086 2019 1210 2104 acerbi

274 2163 497 2270 Impatiens,
525 2163 686 2268 cupidus
704 2160 895 2256 filiarum,
921 2159 1103 2264 aptusque
1117 2159 1292 2245 bibendis
1340 2265 1361 2278 ..

275 2290 465 2418 Fontibus
481 2311 705 2396 Aonidum:
733 2311 980 2416 nequeenim
996 2329 1146 2393 cantare
1161 2309 1230 2393 sub
1246 2329 1356 2395 antro

156 2493 158 2500 ·
274 2459 414 2556 Pierio,
439 2459 658 2567 thyrsumve
672 2459 795 2566 potest
810 2459 1032 2564 contingere
1047 2458 1134 2542 sana
1367 2457 1450 2544 60⁴

273 2600 495 2708 Paupertas,
519 2622 633 2707 atque
651 2601 731 2700 aris
748 2602 872 2706 inops,
898 2628 976 2706 quo
992 2605 1117 2694 notre,
1141 2589 1279 2708 dieque

272 2743 424 2850 Corpus
443 2763 541 2851 eget.
592 2741 785 2837 saturos,
809 2770 901 2824 cum
919 2741 1013 2826 dicit
1028 2725 1228 2838 Horatius,
1253 2742 1405 2829 Euhoi.

274 2891 375 3000 Qis
390 2892 498 3008 loeus
513 2891 684 2996 ingenio,
709 2887 779 2974 nisi
796 2917 888 2973 cum
904 2889 942 3020 se
958 2893 1127 2975 carmin'e
1142 2891 1221 2975 solo
1379 2864 1382 2870 ’

273 3034 440 3133 Vexant,
466 3056 505 3119 et
522 3037 687 3120 dominis
704 3029 852 3120 Cirrhae
867 3033 1045 3141 Nisaequ'e
1062 3035 1251 3134 feruntur,
1312 3011 1348 3068 ’ἡ

271 3171 431 3256 P‘edtora
447 3175 571 3257 nostra
585 3175 677 3257 duas
696 3201 775 3256 non
791 3173 1032 3257 admittentia
1046 3177 1177 3258 curas?
1305 3231 1310 3240 -
1364 3183 1389 3260 6
1390 3205 1412 3284 5

272 3321 431 3424 Magnae
448 3323 588 3406 mentis
605 3335 716 3428 opus,
742 3348 813 3404 nec
830 3320 878 3404 de
892 3321 1016 3431 lodice
1031 3325 1196 3429 paranda
1318 3345 1321 3352 ·
1493 3333 1498 3341 “

271 3465 473 3559 Attonitas,
496 3493 649 3574 wcurrus,
671 3485 711 3550 et
727 3493 858 3570 equos,
885 3454 1069 3572 faciesque
1086 3459 1265 3555 Deonim
1322 3467 1326 3474 ·

268 3611 460 3718 Aspicere,
478 3631 517 3694 et
534 3585 654 3721 qualis
673 3614 866 3696 Rutulum
884 3613 1095 3698 confundat
1111 3607 1289 3720 Erynni's'.
1308 3723 1328 3736 ,.
1393 3651 1397 3658 ·

47 3749 51 3758 ¹
199 3871 202 3876 Ι
269 3753 379 3839 Nam
396 3751 424 3836 ss
440 3738 602 3862 Virgilio
618 3783 714 3859 puer
726 3773 765 3836 et
782 3755 975 3836 tolerabile
990 3740 1083 3841 defit
1106 3751 1137 3796 ’·
1212 3751 1215 3778 ¹
1271 3788 1308 3802 ··

269 3893 508 4016 Hospitium,
534 3889 713 4018 caderent
730 3927 869 3985 omnes
882 3929 904 3981 a
919 3903 1088 3986 crinibus
1103 3903 1239 4011 hydri:
1312 3911 1315 3916 ’
1363 3935 1414 4014 7⁰
1463 4013 1467 4021 ι

270 4051 390 4136 Surda
406 4045 502 4128 nihil
518 4039 689 4148 gemeret
704 4071 817 4148 grave
833 4038 1009 4129 buccina.
1051 4049 1260 4147 Poseinsns,
1273 4071 1333 4136 ‚ut
1347 4055 1395 4138 fit
1471 4119 1473 4124 .

267 4195 363 4300 Non
380 4195 509 4278 nsinor
522 4192 680 4297 antiquo
696 4191 902 4276 Rubrenus
918 4193 1054 4300 Lappa
1066 4195 1272 4296 murno,

1288 4342 1408 4452 Cujus
1486 4345 1490 4355 ’
