3354 5344
386 449 711 586 Ju'rr'arsaars
757 439 970 541 samm
1006 449 1117 585 XIV..
1268 463 1363 565 145

203 669 368 766 Passum,
386 679 432 756 et'
442 672 652 772 municipes
666 666 771 770 Jovis
790 663 972 746 advexisse
988 631 1164 762 lagenas?

203 816 285 900 Hic
303 841 432 899 tamen
450 818 610 918 ancipiti
623 813 747 914 figens
760 811 914 911 vestigia
929 808 1058 912 planta
1101 837 1104 842 ·
1157 791 1160 796 ⁵

203 939 364 1048 Victum
381 967 446 1045 illa
464 963 639 1048 mercede
655 981 776 1066 parat,
794 959 1064 1060 brumamque,
1082 956 1315 1059 famemque·
1358 961 1362 970 '

203 1117 274 1196 Illa
291 1116 384 1219 reste
401 1101 529 1196 cavet:
557 1123 599 1194 tu
615 1133 771 1216 propter
786 1090 892 1192 mille
910 1110 1063 1204 talenta,

202 1261 256 1342 Et
275 1281 435 1342 centum
453 1260 559 1341 villas
576 1233 812 1370 temerarius
866 1247 1003 1356 Aspice
1020 1255 1166 1357 portus,
1277 1271 1348 1358 27'5

203 1405 256 1486 Et
266 1406 425 1511 plenum
437 1407 584 1506 magnis
594 1387 762 1482 trabibus
772 1427 893 1482 mare:
908 1401 993 1504 plus
1002 1375 1358 1503 hominumest'jam

204 1552 251 1631 In
268 1551 415 1655 pelago.
467 1517 606 1632 Veniet
622 1549 752 1640 claffis,
771 1542 1002 1652 quocunque
1020 1546 1164 1626 vo'cdrit
1219 1639 1220 1644 Ἰ

205 1699 295 1800 Spes
312 1697 431 1789 lucri,
459 1725 530 1778 nec
547 1697 815 1800 Carpathium,
833 1694 1063 1794 Gaetulaque
1082 1691 1236 1773 tantum

204 1844 377 1948 AEquora
394 1845 596 1941 tranfiliet.
620 1843 684 1924 sed
699 1843 814 1944 longe
833 1842 951 1944 Calpe
969 1841 1176 1934 relida,
1183 1866 1186 1872 “

203 1991 349 2073 Audiet
368 1992 561 2072 Herculeo
578 1969 798 2071 stridentem
815 1991 965 2091 gurgite
982 1989 1112 2068 solem.
1224 2042 1228 2048 ,
1279 1977 1356 2110 28‘d

205 2137 362 2220 Grande
379 2167 501 2243 operae
518 2141 710 2240 pretium
702 2139 767 2231 est,
788 2158 832 2219 ut
849 2139 953 2218 tenso
972 2138 1075 2218 folle
1082 2135 1217 2218 reverti
1291 2131 1293 2136 ’
1416 2159 1419 2166 '

206 2289 302 2369 Inde
321 2291 483 2369 domum
500 2259 625 2389 posl1s,
645 2289 1069 2393 tumidaquesuperbus
1086 2288 1189 2367 aluta
1271 2275 1274 2280 Α

206 2435 355 2514 Oceani
365 2415 551 2526 monstra,
568 2453 606 2512 et
617 2429 774 2535 juvenes
791 2427 916 2513 vidisse
934 2436 1112 2513 marinos.

205 2579 299 2662 Non
321 2611 419 2662 unus
438 2584 719 2683 mentes-agitat
736 2581 853 2662 furor.
904 2545 1122 2663 lllesororis

204 2724 250 2816 Iri
270 2732 444 2813 manibus
462 2731 569 2810 vultu
588 2731 849 2812 Eumenidum
868 2751 1025 2813 terretur
1043 2695 1080 2811 et
1098 2719 1200 2834 igni,
1278 2737 1355 2846 αὸςΙ

196 2881 296 2978 Hic,
322 2882 419 2963 bove
433 2881 615 2985 percusso,
636 2883 784 3010 mugire
801 2887 1097 2984 Agamemnona
1113 2883 1275 2976 credit,

63 3109 66 3113 .
203 3031 289 3111 Aut
306 3027 498 3109 Ithacum
550 3029 683 3160 Pareat
698 3031 837 3110 tunicis
847 3031 943 3112 licet
957 3049 1071 3160 ¹atque
1087 3027 1341 3125 lacernis,
1308 3101 1312 3110 .

124 3174 130 3184 ’
203 3180 401 3260 Curaturis
419 3195 517 3278 eget,
536 3155 604 3281 qui
622 3207 759 3260 navem
777 3149 966 3262 mercibus
977 3156 1120 3285 implet

205 3328 270 3407 Ad
287 3328 486 3408 summum
504 3328 615 3420 latus,
632 3347 672 3408 et
688 3329 817 3410 tabula
834 3303 1077 3434 distinguitur
1095 3333 1221 3426 unda,

207 3453 312 3558 Cum
329 3477 375 3555 s1t
389 3454 499 3598 causa
515 3477 608 3555 mali
624 3459 720 3590 tanti
737 3498 775 3558 et
794 3480 1019 3561 discriminis
1035 3478 1101 3561 hu
1084 3509 1164 3584 Jus,
1244 3451 1351 3586 αρε)Ὶ

205 3622 415 3712 Concisum
433 3640 632 3721 argentum
648 3625 688 3703 in
708 3625 838 3708 titulos
854 3625 1043 3731 faciesque
1059 3631 1240 3711 minutas.

206 3771 430 3848 Occurrunt
447 3743 565 3848 nubes
583 3787 621 3849 et
636 3769 814 3872 fulgura,
840 3775 970 3857 solvite
987 3777 1158 3870 sunem,

205 3897 407 3998 Frumenti
426 3917 604 4000 dominus
623 3921 775 4014 clamat,
797 3927 1009 4030 piperisque
1027 3931 1210 4034 coempti.

205 4061 277 4141 Nil
294 4063 398 4148 color
414 4062 479 4142 hic
497 4065 598 4157 coeli,
615 4065 670 4144 nil
688 4066 800 4148 fascia
818 4073 940 4174 nigra,
957 4062 1146 4166 minatur:
1378 4175 1381 4183 Ι

100 4314 103 4324 ,
206 4177 398 4330 AEstivum'
413 4207 538 4297 tonat?
585 4211 737 4308 Infelix,
762 4210 836 4299 ha'c'
853 4217 1004 4303 forfitan
1021 4224 1099 4325 ipsa
1266 4201 1349 4328 '295

514 4369 518 4384 “
745 4367 784 4446 Κ
1224 4381 1353 4468 Nocte
