3354 5344
546 417 743 556 Pqnsrr
780 411 988 518 Snrrnn
1025 437 1079 519 V.
1307 425 1401 522 181

229 629 336 714 Cum
352 631 482 746 blaudi
499 637 674 730 comites,
694 652 852 740 totaque
867 637 1029 742 impune
1046 639 1194 722 Subura
1283 621 1293 630 “

220 777 404 870 ¹Permisit
420 780 580 884 sparsisse
595 751 729 864 oculos
739 767 824 887 jam
840 786 1023 866 candidus
1040 789 1187 870 umbo:

230 926 417 1037 Cumque
432 927 505 1007 iter
522 927 751 1028 ambiguum
768 928 835 1023 est,
852 947 891 1010 et
907 931 994 1012 vitae
1011 932 1156 1016 nescius
1174 961 1279 1020 error

227 1074 393 1158 Diducit
410 1077 574 1179 trepidas
591 1075 736 1156 ramosa
751 1077 791 1158 in
808 1075 979 1181 compita
996 1099 1156 1176 mentes,
1334 1108 1383 1189 35

228 1221 303 1302 Me
320 1223 392 1304 tibi
407 1222 604 1327 supposui:
630 1240 780 1304 teneros
796 1243 840 1304 tu
858 1225 1007 1330 suscipis
1025 1247 1142 1308 annos

230 1368 437 1464 Socration,
456 1372 642 1464 Cornuto,
660 1373 759 1452 finu:
787 1389 880 1453 tunc
896 1370 1023 1453 fallere
1040 1373 1152 1454 solers

228 1513 415 1618 Appofita
430 1501 591 1597 intortos
608 1517 780 1598 extendit
797 1517 928 1620 regula
945 1544 1089 1610 mores3
1214 1549 1217 1556 ’

229 1661 283 1748 Et
299 1666 490 1768 premitur
507 1643 651 1747 ratione
667 1666 834 1760 animus,
846 1653 1029 1776 *vincique
1044 1667 1205 1760 laborat,

147 1911 149 1918 y
229 1802 509 1914 Artificemque
525 1830 593 1894 tuo
609 1811 717 1892 ducit
732 1812 799 1892 sub
814 1813 953 1916 pollice
969 1813 1135 1895 vultum.
1333 1835 1386 1908 40

228 1950 383 2033 Tecum
397 1955 545 2035 etenim
559 1953 695 2058 longos
712 1957 875 2046 memini
890 1955 1111 2038 consumere
1128 1954 1247 2049 soles,¹

227 2097 283 2181 Et
301 2119 432 2186 tecum
447 2103 588 2204 primas
605 2103 727 2205 epulis
746 2104 944 2208 decerpere
961 2107 1105 2188 nostes.

229 2245 369 2328 Unum
385 2275 483 2351 opus
501 2267 540 2329 et
557 2251 731 2351 requiem
747 2252 889 2353 pariter
902 2249 1139 2352 disponimus
1158 2248 1289 2345 ambo,

179 2457 181 2461 .
229 2393 363 2494 Atque
377 2393 590 2476 verecunda
604 2394 775 2476 laxamus
793 2394 884 2475 seria
900 2396 1040 2475 mensa.
1078 2474 1082 2482 .

198 2635 203 2643 .
228 2534 325 2618 Non
344 2538 523 2638 equidem
537 2538 614 2621 hoc
633 2539 798 2633 dubites,
817 2539 1023 2620 amborum
1037 2537 1180 2622 foedere
1196 2553 1301 2622 certo
1334 2561 1383 2640 45
1450 2560 1458 2584 ¹

230 2685 455 2766 Consentire
469 2685 562 2779 dies,
580 2702 619 2765 et
634 2684 682 2764 ab
699 2713 777 2813 unp
792 2685 907 2764 fidere
924 2684 1039 2766 duci:
1226 2659 1229 2664 Δ

228 2831 372 2914 Nostra
387 2831 447 2912 vel
465 2831 601 2936 aequali
617 2832 805 2936 suspendit
822 2849 998 2934 tempora
1013 2830 1131 2910 Libra

229 2977 347 3060 Parca
364 2993 478 3058 tenax
491 2978 584 3071 veri,
601 2975 665 3058 seu
681 2994 771 3057 nata
785 2971 965 3056 fidelibus
976 2972 1071 3056 hora

216 3118 384 3199 ¹Dividit
399 3119 440 3197 in
456 3107 646 3199 Geminos
661 3116 864 3198 concordia
878 3116 956 3196 sata
972 3114 1162 3196 duorum:

232 3261 517 3376 Saturnumque
533 3287 689 3364 gravem
705 3258 833 3343 nostro
850 3260 946 3366 Jove
961 3255 1171 3358 frangimus
1189 3284 1277 3340 una.
1333 3285 1383 3362 go

45 3439 54 3472 ε
135 3476 139 3484 .
230 3400 373 3483 Nescio
391 3401 510 3508 quod,
526 3420 628 3482 certe
640 3399 707 3492 est,
726 3400 831 3503 quod
844 3397 995 3512 metibi
1007 3416 1206 3500 temperat,
1224 3399 1380 3482 astrum.

230 3541 346 3624 Mille
360 3541 567 3628 homiuum
585 3541 738 3644 species,
757 3557 796 3618 et
809 3564 937 3620 rerum
955 3511 1115 3620 discolor
1131 3539 1240 3621 usus:

218 3688 340 3771 'Velle
358 3689 471 3770 suum
485 3665 625 3791 cuique
639 3686 706 3779 est,
725 3713 796 3767 nec
815 3705 906 3770 voto
921 3686 1062 3767 vivitur
1078 3715 1171 3769 uno.
1286 3687 1287 3690 ‘
1400 3763 1406 3776 ,
1516 3665 1519 3674 ¹

129 3855 138 3873 ⁸
184 3822 193 3839 ¹
230 3803 433 3918 Mercibus
447 3832 632 3914 hieltalis
650 3850 774 3912 mutat
792 3831 859 3910 sub
877 3830 950 3911 sole
969 3833 1113 3916 recenti

133 4019 136 4022 ·
182 3949 190 3969 ,
230 3977 434 4079 Rugosum
454 3977 577 4083 piper,
595 3992 633 4054 et
649 3973 822 4076 pallentis
839 4000 956 4074 grana
972 3956 1142 4055 cumini:
1337 3999 1382 4084 55

231 4124 312 4207 Hic
329 4122 430 4205 satur
444 4122 588 4222 irriguo
605 4119 749 4202 mavult
766 4117 974 4218 turgescere
992 4116 1151 4214 somno,

770 4265 820 4348 M
845 4291 870 4366 3
1299 4261 1383 4344 Hic
