3350 5336
316 462 385 558 iia
537 460 862 594 Juvaurars
903 463 1120 562 Statua
1155 478 1267 562 vill·

320 679 416 763 Non
429 679 534 762 idem
548 653 717 782 gemitus
733 679 842 775 alim.
865 683 992 786 aeetae
1007 683 1146 766 rulant
1159 702 1241 766 erat
1257 683 1326 788 par

321 830 586 922 Damnorum,
609 828 719 916 sociis
731 827 970 923 florentibus,
996 847 1036 910 et
1053 827 1304 912 moduristit.

320 979 439 1096 Plena
453 979 592 1061 domur
606 997 700 1062 tunc
715 971 856 1075 amir,
879 997 920 1062 et
935 981 1072 1082 iugens
1087 967 1208 1062 stabat
1223 1007 1377 1062 aoervua
1396 1007 1468 1060 100

319 1127 603 1220 Nummorum,
629 1129 811 1230 Spartam
826 1125 1012 1230 chlamys,
1028 1127 1231 1232 conchylia
1244 1109 1351 1222 Cera,¹

318 1275 483 1358 Etcum
500 1257 682 1356 Parrhaiii
697 1273 836 1356 tabulis
854 1253 1041 1380 tigrisque
1056 1277 1233 1380 Myronis

319 1421 548 1508 Phidiacum
563 1419 712 1502 vivebat
728 1420 838 1514 ebur,
862 1447 1011 1502 nemon
1027 1393 1210 1527 Polycleti

320 1572 476 1654 Multus
493 1570 638 1672 ubique
656 1547 781 1659 labem
807 1595 897 1650 rarae
912 1569 989 1650 stne
1005 1565 1187 1652 Mentore
1201 1567 1353 1653 mensa.

321 1713 417 1799 Inde
433 1715 633 1798 Dolabella
648 1713 716 1808 est,
741 1733 858 1818 atque
871 1713 964 1796 hinc
980 1717 1188 1814 Antonius,
1213 1713 1319 1798 inde
1394 1709 1463 1820 ιὀς·

322 1861 694 1964 SacrilegusVerrea.
744 1861 977 1945 Referebant
994 1865 1153 1946 navibus
1169 1863 1253 1948 altis
1375 1973 1379 1981 .

323 2008 491 2090 Occulta
503 2006 633 2110 spolia,
658 2025 698 2088 et
713 2005 839 2110 plures
857 2005 905 2088 de
923 2033 1017 2111 paee
1032 2007 1262 2113 triumphos.
1289 2007 1292 2014 ’
1451 2027 1465 2050 ‘

320 2151 443 2232 Nunc
459 2127 671 2255 fueiiajuga
686 2177 807 2254 pauca
820 2149 956 2245 boum,
971 2169 1011 2233 et
1028 2179 1122 2254 grex
1131 2179 1267 2256 parvus
1277 2176 1480 2258 equarum,

321 2297 377 2376 Et
393 2314 499 2401 pater
514 2293 678 2378 armenti
692 2313 806 2400 captu
817 2295 998 2400 eripietur
1013 2297 1161 2398 agello:
1243 2303 1245 2308 ’

284 2449 287 2455 ’
324 2440 400 2543 tpfi
415 2439 672 2535 deiudelarea,
688 2439 715 2520 fi
733 2438 840 2542 quod
854 2437 1053 2542 spectabile
1067 2421 1246 2542 iignum
1346 2448 1350 2456 '
1395 2469 1465 2526 tte

325 2589 364 2668 Si
381 2589 468 2693 quis
483 2589 524 2668 in
542 2587 699 2670 aedicula
715 2588 823 2670 Deua
840 2585 1002 2678 unicust
1029 2585 1111 2668 hae
1125 2589 1271 2668 etenim
1286 2587 1375 2672 suut

325 2732 400 2813 Pro
416 2733 596 2814 summis:
621 2759 712 2814 nam
727 2719 814 2812 suut
829 2719 912 2810 hlaec
930 2729 1111 2816 maxima.
1162 2731 1357 2836 Despiciat
1371 2733 1416 2817 t'u

324 2875 496 2958 Forsitan
516 2857 689 2965 imbelles
706 2873 894 2970 Rhodios,
911 2869 1148 2980 uritlamque
1161 2875 1414 2972 Corinthum

326 3022 522 3123 Despicias
537 3001 688 3100 merito.
738 3019 846 3126 Qid
863 3010 1222 3124 refluatajuventua‚

323 3167 525 3269 cruraque
540 3159 657 3244 totius
673 3159 814 3244 facient
831 3165 901 3244 tibi
917 3163 1014 3247 levia
1028 3165 1177 3265 gentis?
1392 3193 1462 3268 ¹15

325 3305 495 3387 Horrida
510 3303 663 3408 vimnda
675 3302 728 3384 est
743 3303 942 3407 Hispania,
968 3305 1143 3386 Gallicus
1158 3306 1255 3400 axia·
1406 3279 1410 3285 ⁶

313 3443 603 3547 ¹Illyricumque
616 3443 729 3527 latur.
779 3443 894 3529 Parce
910 3463 949 3524 et
966 3443 1193 3526 melioribus*
1204 3445 1291 3537 illis,

326 3593 408 3708 Qi
424 3590 589 3678 fituraut
604 3587 756 3682 urbem.
780 3590 895 3682 circa.
921 3588 1115 3692 scenaeq'ue
1129 3611 1357 3672 vacantem.-

326 3743 484 3848 Qanta
498 3755 630 3824 autem
645 3737 734 3817 inde
749 3737 846 3818 feres
861 3741 943 3818 tam
961 3738 1049 3821 dirae
1066 3740 1221 3840 praemia
1236 3741 1373 3844 culpa,

324 3893 432 3980 Cum
445 3885 581 3976 'tmuea
598 3911 719 3990 nuper
732 3885 880 3968 Mariua
895 3885 1113 3968 discinxerit
1129 3887 1268 3970 Afros?
1396 3919 1464 3974 rae

324 4033 552 4118 Curandum
569 4033 609 4112 in
626 4034 771 4136 primia,
797 4061 846 4114 ne
863 4061 1002 4134 magna
1016 4031 1154 4136 injuria
1168 4033 1235 4116 fiat

296 4181 298 4186 ’
326 4179 506 4263 Partibus
519 4197 556 4260 et
567 4176 733 4270 miseria:
752 4177 860 4260 tollas
877 4177 966 4269 licet
982 4205 1099 4262 omae
1114 4183 1220 4284 quod
1235 4181 1395 4286 usquam
1412 4181 1465 4266 est

1366 4330 1466 4412 Auri
