3350 5336
343 495 407 594 80
616 441 1333 628 Juv'srrsnrsSnrsnnVIll.
1407 601 1412 608 .

334 709 564 796 Facundum
578 713 760 796 invenies.
811 713 914 798 solet
928 713 994 798 hic
1009 712 1212 804 defendere
1226 719 1353 805 causas

332 851 488 940 Nobilis
503 858 661 940 indutu.
711 859 852 942 Veniet
866 858 913 940 de
925 857 1037 963 plebe
1054 878 1182 964 rogata
1425 843 1475 971 30

235 1027 238 1032 ·
331 1003 525 1118 Qijuris
540 1005 674 1102 nodos,
698 1025 737 1090 et
747 1007 884 1112 legum
900 983 1102 1111 enigmata
1117 1009 1249 1094 solvat.

328 1155 412 1238 Hic
428 1155 526 1258 petit
537 1153 761 1258 Euphraten
770 1152 938 1259 juvenis,
962 1153 1178 1262 domitique
1194 1159 1326 1244 Batavi

208 1288 212 1306 ’
327 1305 513 1390 Custodes
530 1305 688 1412 aquilas,
712 1307 827 1390 aruns
842 1303 1076 1395 industriose
1095 1325 1134 1390 at
1151 1326 1209 1396 tu.

190 1443 194 1454 ’
327 1451 401 1538 Nil
416 1455 486 1538 nili
501 1455 743 1566 Cecropides,
768 1427 982 1560 truncoque
990 1425 1212 1539 ¹fimillimus
1228 1443 1401 1562 Hermae.

325 1601 449 1688 Nullo
464 1603 608 1708 quippe
625 1601 700 1684 alio
715 1601 835 1683 vincis
851 1601 1082 1696 discrimine,
1107 1629 1225 1708 quam
1241 1604 1347 1709 quod
1420 1634 1441 1711 ς
1446 1631 1468 1714 ς
1587 1628 1593 1709 2

325 1751 390 1834 Illi
407 1777 670 1834 marmoreum
686 1765 802 1853 caput
817 1747 885 1842 est,
911 1765 979 1830 tua
993 1750 1086 1832 vivit
1101 1722 1244 1854 imago.
1402 1862 1405 1873 ι

323 1899 404 1984 Dic
420 1897 535 1996 mihi,
559 1900 804 1981 Teucrorum
819 1895 956 2022 proles,
981 1897 1159 1980 animalia
1176 1917 1286 1982 muta

323 2051 425 2160 Quis
439 2049 617 2156 generosa
630 2067 755 2152 putet,
777 2047 847 2130 nifi
861 2047 999 2130 fortia?
1024 2075 1165 2154 nempe
1186 2015 1381 2135 volucrem
1547 2045 1551 2050 ’

307 2203 385 2314 ,εἰς
398 2200 597 2284 laudamus
612 2227 771 2307 equum,
794 2197 900 2314 sarili
915 2201 980 2282 cui
994 2197 1161 2304 plurima
1178 2203 1306 2304 palma

321 2353 473 2448 Fervet,
498 2369 539 2435 et
552 2342 712 2434 exsultat
726 2377 842 2433 rauco
855 2351 1013 2434 vitieris
1028 2351 1145 2470 circo.
1270 2339 1275 2350 ’
1415 2359 1466 2436 60

320 2499 477 2583 Nobilis
491 2496 571 2593 hic,
596 2523 846 2604 quocumque
861 2497 967 2616 venit
982 2496 1030 2578 de
1045 2499 1367 2618 graminescujus
1455 2465 1467 2474 'V

320 2646 436 2729 Clara
451 2644 544 2749 fuga
557 2665 645 2726 ante
662 2644 767 2738 alios,
783 2661 823 2725 et
840 2644 988 2748 primus
1007 2644 1048 2766 in
1064 2672 1218 2764 aequore
1234 2646 1371 2754 pulvis.

321 2797 396 2882 Sed
411 2795 542 2882 venale
557 2821 673 2900 pecus
691 2793 874 2888 Corithae,
900 2795 1095 2897 posteritas
1114 2815 1154 2880 et
1354 2762 1357 2772 ¹

318 2941 494 3048 Hirpini,
518 2929 749 3041 lirarajugo
764 2935 922 3016 victoria
935 2934 1042 3019 sedit.

317 3085 390 3170 Nil
404 3085 463 3172 ibi¹
478 3079 668 3188 majorum
684 3077 886 3180 respectus,
909 3053 1032 3180 gratia
1047 3079 1152 3161 nulla
1324 3089 1326 3094 '
1408 3085 1433 3163 6
1436 3107 1459 3185 ς

270 3263 273 3268 ·
318 3231 585 3316 Umbrarum:
610 3201 787 3310 dominos
803 3225 934 3328 pretiis
952 3223 1296 3330 mutare'jubentur

317 3375 495 3480 Exiguis,
520 3353 685 3476 tritoque
709 3363 865 3450 trahunt
881 3369 1074 3472 epirhedia
1091 3369 1193 3450 collo
1287 3349 1292 3360 ’

316 3513 558 3622 segnipedes,
582 3513 767 3622 dignique
783 3507 929 3590 molam
941 3510 1083 3590 versare
1099 3499 1276 3622 Nepotis.

315 3660 437 3762 Ergo,
461 3674 506 3739 ut
521 3655 707 3738 miremur
719 3670 773 3744 te,
796 3677 876 3732 non
894 3671 973 3746 tua,
998 3655 1172 3754 primurn
1188 3653 1333 3758 aliquid
1351 3655 1414 3751 da,

317 3802 436 3912 Qud
456 3797 591 3904 posfim
605 3793 728 3876 titulis
743 3793 910 3875 incidere
927 3809 1061 3898 pr'aeter
1077 3795 1254 3890 honores,
1406 3779 1469 3902 70¹

315 3947 428 4054 Qos
444 3941 518 4022 illis
533 3939 684 4028 damus,
709 3951 749 4017 et
763 3933 954 4030 dedimus,
979 3939 1121 4042 quibus
1137 3939 1268 4021 omnia
1283 3940 1411 4023 debes.

313 4089 412 4176 Haec
426 4086 512 4169 satis
528 4079 784 4185 adjuvenem,
808 4108 929 4185 quem
945 4082 1055 4163 nobis
1070 4080 1175 4165 fama
1189 4067 1397 4186 superbum
1482 4161 1487 4168 .

311 4229 464 4324 Tradit,
487 4241 527 4307 et
540 4221 732 4316 inflatum,
757 4213 995 4326 plenumque
1012 4221 1167 4304 Nerone
1183 4207 1417 4328 propinquo.
1438 4233 1443 4242 '

1329 4366 1454 4455 Rarus
1653 4382 1654 4419 ¹
