3350 5336
318 395 420 495 126
576 391 899 526 Juvunraurn
933 391 1133 490 SATYRA
1170 406 1285 502 xm.

315 605 557 692 Numinibus
575 605 758 696 miserum
774 607 962 734 urgebant
976 607 1136 694 Atlanta
1149 614 1301 704 minori.
1385 621 1415 697 f

315 753 502 874 Pondere.
552 753 744 836 Nondum
760 753 900 856 aliquia
915 753 1068 840 sortitur
1085 759 1189 844 triste
1203 763 1391 868 profundi

315 900 544 1008 Imperium,
569 919 636 982 aut
652 899 779 982 Sicula
795 917 923 982 torvus
939 929 1033 988 cum
1048 903 1215 1012 conjuge
1229 911 1389 998 Pluton.
1427 943 1473 1022 tt

159 1121 165 1134 ,
315 1043 405 1128 Nec
422 1061 518 1140 rota,
544 1073 615 1128 nec
631 1040 771 1140 Furia,
796 1070 868 1124 nec
886 1039 1032 1140 laxum,
1058 1067 1125 1132 aut
1140 1053 1304 1140 vulturis
1321 1060 1412 1142 atri.

315 1183 459 1288 Porum
485 1193 548 1274 sed
564 1189 722 1274 infernis
738 1187 875 1270 hilares
892 1187 970 1270 fine
986 1191 1140 1294 regibus
1157 1197 1317 1284 umbre.
1342 1203 1345 1212 '
1367 1247 1371 1254 ·

314 1341 547 1446 Improbitas
564 1339 631 1420 illo
648 1336 726 1420 fuit
739 1333 972 1418 admirabilis
986 1365 1078 1425 avo.

315 1485 534 1570 Credebant
549 1484 626 1566 hoc
642 1479 787 1590 grande
801 1479 906 1562 nefas
924 1499 964 1564 et
978 1487 1321 1592 nummarium,

316 1625 519 1734 Sijuvenis
534 1625 665 1710 vetulo
679 1652 760 1708 non
776 1623 1031 1720 affurrexerat,
1056 1627 1139 1710 etii
1230 1709 1237 1718 ,
1346 1653 1348 1659 ’
1424 1661 1474 1748 55

315 1769 480 1854 Barbato
503 1773 723 1876 cuicunque
738 1795 852 1872 poem
877 1767 968 1850 licet
984 1767 1064 1872 ipse
1082 1771 1228 1856 videret

315 1919 431 2002 Plura
446 1918 555 2001 domi
568 1917 687 2020 fraga,
712 1933 751 1998 et
768 1911 929 2022 majores
942 1915 1094 2020 glandis
1107 1945 1271 2003 acoron

315 2053 423 2148 Tam
436 2061 649 2148 venerabile
665 2081 746 2146 erat
761 2063 973 2168 praecedere
987 2081 1154 2168 quatuor
1168 2070 1292 2166 annis,
1309 2117 1314 2138 ›

317 2209 523 2315 Pr'unaque
543 2233 612 2317 par
627 2206 721 2292 adeo
737 2205 847 2292 sacrae
862 2205 1004 2312 lanugo
1020 2205 1189 2292 senedlae.

238 2451 242 2458 ¹
316 2353 451 2448 Nunc,
476 2351 736 2460 lidepolitum
751 2377 830 2434 non
846 2347 1038 2434 inficietur
1055 2354 1217 2446 amicus,
1421 2367 1473 2450 60

314 2477 358 2582 Si
376 2473 506 2580 reddat
520 2515 691 2578 veterem
706 2519 808 2608 cum
817 2509 898 2574 tota
913 2493 1080 2596 aerugine
1095 2492 1255 2588 follem*

315 2646 534 2752 Prodigiosa
549 2643 658 2739 fides,
683 2661 723 2726 et
737 2637 901 2725 Thulcis
918 2641 1033 2742 digna
1048 2637 1199 2738 libellis,

317 2794 494 2901 Qaeque
509 2809 688 2873 coronata
701 2787 848 2870 lustrari
864 2786 1000 2868 debeat
1017 2815 1128 2890 agna.

313 2935 528 3040 Egregium
544 2932 793 3034 sanctumque
808 2930 936 3011 virum
953 2929 980 3012 li
995 2957 1122 3026 cerno,
1148 2929 1357 3018 bimembri

314 3083 407 3166 Hoc
423 3077 637 3162 monstrum
654 3103 784 3184 puer0,
808 3076 869 3158 vel
884 3059 1065 3158 mirandis
1082 3077 1152 3160 sub
1168 3097 1293 3162 aratro
1416 3087 1440 3166 6
1444 3109 1465 3192 5

313 3225 487 3308 liscibus
502 3197 688 3316 inventis}
703 3239 743 3304 et
758 3219 863 3304 foetae
877 3249 1061 3328 comparo
1077 3221 1213 3318 mulae3

317 3370 525 3462 Sollicitus,
551 3383 738 3471 tanquam
756 3365 898 3472 lapides
914 3365 1091 3448 effuderit
1107 3369 1244 3466 imber,

163 3526 166 3532 ’
315 3517 571 3616 Examenque
587 3513 719 3614 apium
734 3509 851 3611 longa
866 3511 1077 3592 consederit
1091 3541 1165 3594 uva

315 3662 499 3744 Culmine
512 3642 677 3752 delubri,
702 3677 887 3763 tanquam
909 3661 950 3740 in
966 3659 1238 3746 mare-fluxerit
1254 3666 1379 3748 amnis

315 3806 545 3908 Gurgitibus
562 3803 683 3896 miris,
706 3823 746 3884 et
761 3802 869 3882 lactis
885 3805 1030 3886 vortice
1046 3823 1205 3888 torrens.
1428 3836 1479 3915 70

154 3939 158 3952 ’
313 3955 529 4056 intercepta
544 3951 680 4032 decem
696 3951 863 4054 quereris
878 3951 1040 4034 sestertia
1053 3951 1186 4035 fraude

316 4099 504 4200 Sacrilego
516 4127 525 4177 :
537 4217 539 4222 Ι
552 4097 646 4204 quid
670 4095 773 4178 srbis
790 4117 947 4180 centum
964 4097 1129 4203 perdidit
1144 4097 1239 4182 alter

1337 4242 1465 4330 *Hoc
