3342 5334
372 445 1085 579 JuvauanrsSsauuaVl.
1233 470 1321 573 432

160 663 283 773 Cujus
302 670 404 771 apud
419 668 553 750 molles
574 633 737 752 minima
752 664 1183 773 est'jacturacathedras.
1218 773 1221 785 ἱ
1313 677 1318 702 ⁷
1339 677 1342 682 ’

161 813 384 918 Tyrrhenos
402 815 518 918 igitur
534 813 685 908 fluetus,
710 816 861 918 lateque
877 815 1074 896 sonantem

161 957 324 1038 Pertulit
339 945 493 1036 Ionium
505 955 690 1038 constanti
704 961 868 1061 penooe,
889 957 1063 1058 quamvis

160 1095 397 1181 Mutandum
412 1097 524 1178 toties
536 1095 624 1176 effer
642 1071 758 1176 mare.
777 1096 883 1197 Justa
894 1097 1026 1197 pericli
1185 1186 1188 1194 ¹

161 1241 201 1319 Si
218 1241 313 1320 r'atio
325 1237 392 1331 est,
410 1255 450 1318 et
466 1236 634 1330 honesta,
653 1239 804 1329 timent,
822 1238 1035 1340 pavidoque
1051 1236 1226 1337 gelantur
1260 1265 1283 1341 9
1288 1265 1308 1340 ς

163 1383 333 1478 Pedlore,
347 1408 417 1463 nec
429 1381 601 1462 tremulis
617 1379 767 1482 poliunt
785 1380 947 1460 infistere
963 1381 1116 1483 plantis.

163 1531 322 1610 Fortem
331 1528 508 1608 animum
520 1523 693 1630 praestant
704 1511 828 1616 rebus,
839 1553 933 1628 quas
947 1525 1108 1628 turpiter
1117 1524 1271 1608 audent.
1317 1507 1319 1510 ⁵

164 1666 348 1772 Sijubeat
363 1665 517 1773 conqu,
538 1660 677 1747 durum
694 1665 746 1746 est
763 1641 1012 1750 conscendere
1022 1668 1164 1760 navim,
1190 1684 1194 1698 '

162 1813 279 1893 Tunc
295 1809 440 1890 sentina
454 1808 590 1912 gravis,
606 1827 697 1888 tunc
713 1809 882 1889 summus
895 1809 1053 1892 vertitur
1070 1816 1144 1888 aiir.
1262 1838 1312 1913 99

165 1956 262 2063 Qae
279 1951 479 2034 moechum
494 1951 673 2054 sequitur,
691 1951 1014 2035 stomachovalet.
1030 1939 1101 2034 Illa
1118 1953 1318 2036 maritum*
1358 2064 1361 2070 „

165 2095 404 2178 Convomit:
425 2091 507 2174 haec
524 2092 624 2175 inter
639 2113 773 2174 nautas
791 2113 830 2176 et
843 2081 1016 2199 prandet,
1034 2113 1072 2178 et
1090 2114 1190 2180 errat

165 2241 239 2322 Per
256 2237 442 2345 puppim'
453 2257 492 2318 et
509 2238 625 2319 duros
643 2239 784 2340 gaudet
799 2243 957 2322 tractare
975 2240 1165 2323 rudentes.

154 2385 258 2490 Qa
275 2403 405 2464 tamen
420 2381 554 2460 exarfit
567 2379 718 2460 forma?
742 2377 1109 2485 q'uacaptajuventa
1126 2384 1180 2466 est

166 2523 342 2627 Hippia?
368 2522 463 2626 quid
479 2521 589 2617 vidit,
608 2537 764 2624 propter
780 2523 885 2624 quod
900 2522 1005 2603 ludia
1021 2524 1098 2606 dici

168 2663 384 2747 Sustinuit?
409 2689 500 2744 nam
517 2661 704 2764 Sergiolus
715 2659 799 2766 jam
816 2663 945 2744 rudere
962 2682 1095 2766 guttur
1247 2695 1291 2747 ro
1294 2695 1315 2772 5
1334 2687 1338 2692 '

168 2810 420 2920 Coeperat,.et
435 2803 534 2886 seoo
551 2805 725 2910 requiem
742 2806 884 2908 sperare
898 2803 1053 2888 lacerto.

169 2950 353 3032 Praeterea
370 2946 492 3028 multa
506 2948 546 3026 in
565 2943 661 3026 facie
678 2945 877 3042 deformia,
896 2948 1010 3030 licut¹

169 3092 336 3173 Attritus
353 3087 472 3190 galea,
486 3086 694 3189 mediisque
711 3088 753 3167 in
770 3088 924 3170 naribus
940 3089 1074 3192 ingens

167 3233 336 3325 Gibbus,
347 3252 386 3312 et
402 3257 485 3311 acre
500 3230 649 3342 malunt
663 3231 810 3335 semper
821 3231 991 3315 stillantis
1007 3232 1131 3314 ocelli.

169 3373 244 3454 Sed
260 3372 443 3473 gladiator
458 3387 550 3450 erat.
582 3369 690 3450 Facit
707 3369 782 3452 hoc
798 3370 881 3452 illos
898 3372 1163 3473 Hyacinthos:
1245 3398 1318 3454 uo

170 3515 261 3594 Hoc
279 3513 419 3616 pueris,
436 3511 660 3616 patriaque,
678 3507 752 3590 hoc
768 3513 935 3630 praetulit
952 3513 1017 3592 illa
1034 3515 1163 3606 sorori,
1313 3503 1320 3524 ”

170 3655 306 3759 Atque
319 3654 413 3736 viro.
430 3653 591 3732 Ferrum
603 3650 668 3744 est,
685 3651 790 3753 quod
807 3642 950 3734 amant.
965 3655 1045 3734 Hic
1059 3655 1215 3756 Sergius
1225 3654 1343 3750 idem,

170 3801 345 3899 Accepta
361 3800 466 3892 rude,
485 3797 654 3900 coepillet
672 3799 836 3878 Veiento
855 3800 987 3882 videri.

172 3939 279 4045 Qid
295 3940 439 4041 privata
455 3941 607 4032 domus,
623 3939 718 4042 quid
734 3937 1046 4050 fecerit-Hippia,
1065 3943 1203 4025 curas?

172 4077 331 4182 Respice
342 4061 472 4166 riuales
490 4081 709 4174 Divorum3
737 4081 920 4165 Claudius
937 4085 1025 4167 audi
1182 4078 1185 4086 ’
1251 4111 1320 4189 ¹¹5

1224 4229 1323 4336 Qae
