3342 5334
353 481 419 578 34
629 451 958 586 Juvtuttts
999 453 1215 554 Suum
1242 469 1295 565 v.

344 665 473 748 Anxia
488 665 673 772 praecipiti
688 669 841 754 veniffet
851 669 1150 776 epistulupenna.

344 809 477 912 Atque
492 810 640 896 utinam
656 811 716 894 hit
732 816 859 916 potius
878 817 989 918 nugis
1006 833 1088 898 totu
1098 817 1163 899 illu
1177 815 1333 900 dedisset
1424 843 1514 922 ¹5⁰

345 954 542 1058 Tempora
556 955 715 1054 saevitia
730 961 846 1042 claras
865 961 1005 1064 quibus
1019 961 1171 1043 abstulit
1186 961 1275 1044 urbi

344 1105 579 1210 illustresque
589 1105 749 1200 animas,
760 1109 919 1214 impune
934 1127 973 1190 et
990 1108 1142 1192 vindice
1155 1109 1276 1191 nullo.

344 1252 416 1336 Sed
434 1257 559 1360 periit,
577 1257 777 1364 postquam
793 1257 1018 1364 cerdonibus
1030 1229 1103 1340 iffe
1118 1258 1310 1340 timendus

344 1400 523 1528 Coeperut
536 1441 551 1498 3
575 1403 651 1488 hoc
666 1406 800 1488 nocuit
815 1407 1039 1488 Lamiarum
1054 1405 1156 1486 caede
1171 1406 1354 1490 madenti.

690 1740 1031 1842 SATYRA
1074 1743 1134 1846 V.

418 1985 436 2066 Ι
453 1989 491 2058 te
505 1972 684 2076 propofiti
698 1974 871 2056 nondum
887 1975 1019 2077 pudet,
1032 1995 1146 2081 atque
1162 1977 1296 2060 eudem
1309 1975 1365 2058 est
1378 2002 1522 2070 mens,
1646 1951 1647 1954 i

433 2123 490 2204 Ut
500 2117 602 2198 bona
616 2119 765 2200 summa
779 2137 888 2222 putes
908 2117 1029 2200 aliena
1042 2121 1166 2202 vivere
1177 2119 1319 2224 quadra
1328 2156 1342 2214 ς

338 2273 379 2358 Si
395 2290 502 2375 potes
513 2265 579 2348 illa
595 2263 687 2372 pati,
704 2291 789 2366 quae
806 2291 877 2346 nec
894 2265 1111 2348 Sarmentus
1127 2267 1275 2370 iniquus

337 2419 491 2504 Caesaris
507 2415 555 2498 ud
571 2413 729 2508 mensu,
753 2441 822 2494 nec
844 2413 926 2494 vilis
945 2413 1071 2496 Galba
1087 2415 1238 2510 tuliffet,

337 2563 661 2679 Qamvisjuratu
678 2583 848 2647 metuam
865 2565 935 2646 tibi
951 2565 1100 2646 credere
1116 2567 1211 2648 testi.
1457 2596 1484 2672 ς
1645 2561 1646 2566 ¹

336 2721 481 2802 Ventrt
496 2717 593 2800 nihil
611 2716 699 2796 novi
715 2714 921 2818 frugalius:
947 2714 1022 2796 hoc
1038 2734 1166 2796 tamen
1186 2716 1309 2822 ipsum

334 2865 522 2952 Defeciffe
538 2883 643 2969 putu,
662 2865 765 2967 quod
778 2865 882 2944 inani
898 2863 1033 2944 sufficit
1050 2865 1145 2945 alvo.

334 3016 455 3099 Nulla
469 3013 621 3116 crepido
637 3013 771 3094 vacat?
797 3011 982 3115 nusquam
1006 3039 1114 3115 pons,
1132 3032 1171 3095 et
1195 3017 1328 3116 tegetis
1346 2989 1441 3122 puts¹

335 3165 511 3246 Dimidia
525 3161 674 3242 brevior
691 3159 706 3237 ἓ
731 3160 876 3242 tantine
892 3157 1028 3264 injuria
1051 3161 1197 3242 coenae?

334 3315 439 3396 Tam
448 3311 579 3417 jejuna
591 3309 736 3400 fames;
761 3336 853 3390 cum
870 3309 980 3412 poffis
997 3307 1188 3390 honestius
1206 3311 1283 3392 illic
1428 3345 1478 3398 10

333 3459 388 3538 Et
402 3477 577 3548 tremere,
593 3473 632 3534 et
648 3453 770 3534 sordes
787 3451 893 3534 farris
911 3452 1084 3532 mordere
1102 3455 1255 3536 canini?

332 3602 464 3710 Primo
478 3601 553 3701 fige
568 3599 667 3692 loco,
685 3598 789 3699 quod
809 3621 850 3678 tu
862 3597 1226 3702 discumberejuffus

332 3751 558 3832 Mercedem
571 3747 728 3830 solidam
740 3765 911 3828 veterum
928 3748 1032 3850 capis
1049 3748 1276 3832 officiorum.

331 3897 684 3985 Fruuusamicitiae
699 3924 860 3996 magna,
877 3897 1008 3976 cibus:
1033 3899 1201 3999 imputat
1219 3899 1322 3981 hun'c
1339 3930 1427 4010 reu,¹
1638 3901 1641 4042 Ι

331 4053 384 4131 Et
403 4049 574 4153 quumvis
591 4073 731 4140 rarum,
745 4065 874 4128 tamen
889 4048 1067 4150 imputat.
1092 4049 1197 4148 Ergo
1211 4051 1307 4134 duos
1319 4053 1403 4156 post
1424 4081 1468 4158 ις

217 4179 222 4192 ’
329 4202 369 4282 Si
385 4199 497 4281 libuit
510 4196 653 4280 menses
669 4196 888 4298 neglectum
903 4194 1082 4278 adhibere
1098 4195 1293 4306 clientem,
1444 4283 1449 4290 ,

1366 4347 1469 4430 Ter-
