3350 5336
335 457 430 528 rra
571 426 898 563 Ju'vnnanra
940 431 1160 532 Santra
1184 447 1260 534 XI.

324 643 467 730 Nescio
481 647 578 753 quid
593 647 769 753 superest,
789 667 829 732 et
844 649 960 754 pallet
975 650 1134 736 foennris
1150 657 1295 746 audior,

324 793 410 901 Q}
423 795 568 876 vertere
582 795 718 890 solum,
743 797 866 890 Baias,
889 799 994 880 etad
1009 797 1119 882 Ostia
1134 815 1307 882 currunt.

323 936 474 1019 Cedere
486 965 654 1043 namque
670 937 849 1046 forojarn
864 965 944 1022 non
960 939 1016 1024 est
1031 941 1211 1037 deterius,
1236 967 1356 1046 quarn
1421 956 1477 1046 ςᾱ

321 1080 512 1186 Esquilias
531 1085 728 1168 aferventi
743 1087 909 1190 migrare
925 1085 1086 1172 Subura.

321 1225 393 1310 Ille
409 1225 518 1310 dolor
531 1228 630 1312 solus
646 1231 810 1338 patriam
825 1231 1075 1336 fugientibus,
1099 1231 1167 1316 illa
1304 1315 1307 1324 ,

321 1371 511 1460 Mrestitia
524 1371 593 1472 est,
616 1375 771 1462 caruiffe
786 1407 887 1464 anno
901 1379 1139 1464 Circenfibus
1156 1405 1250 1462 uno.

322 1518 525 1622 Sanguinis
535 1523 585 1602 in
599 1517 699 1604 facie
714 1549 794 1606 non
808 1522 928 1606 haeret
946 1539 1075 1626 gutta;
1100 1539 1300 1604 morantur

320 1662 439 1748 Pauci
453 1665 675 1761 ridiculum,
699 1688 740 1751 et
754 1667 971 1770 fugientem
987 1691 1036 1750 ex
1053 1665 1148 1750 urbe
1164 1667 1367 1774 pudorem.
1419 1684 1468 1772 53

319 1815 530 1920 Experiere
545 1818 869 1922 hodienumquid
885 1801 1118 1920 puleerrima
1130 1820 1255 1914 dittu,

319 1959 481 2059 Perfice,
505 1992 584 2048 non
601 1965 776 2071 praestem
789 1963 881 2060 vita,
904 1964 966 2048 vel
981 1965 1167 2060 moribus,
1192 1983 1232 2048 et
1249 1993 1309 2060 rea

321 2109 396 2190 Sed
412 2109 566 2194 laudern
583 2111 735 2215 siliquas
751 2109 923 2194 occultus
938 2137 1073 2212 ganeo,
1098 2109 1225 2212 pultes

320 2254 466 2336 Coram
479 2253 561 2338 aliis
580 2257 721 2338 dictem
737 2281 872 2358 puero,
896 2253 958 2336 sed
973 2253 1015 2334 in
1032 2281 1123 2336 anre
1138 2253 1344 2358 placentae.

319 2399 443 2495 Nam,
467 2425 562 2482 cum
579 2401 625 2482 fis
641 2401 800 2483 conviva
815 2399 915 2482 mihi
931 2395 1148 2506 promiffus,
1172 2398 1333 2482 habebit
1416 2405 1470 2482 60

319 2546 557 2642 Evandrum,
581 2552 710 2630 venies
722 2546 966 2652 Tirynthius,
991 2563 1060 2627 aut
1075 2547 1203 2629 minor
1218 2546 1286 2628 illo

317 2693 485 2798 Hospes,
508 2715 549 2780 et
566 2696 644 2800 ipse
662 2716 791 2778 tamen
807 2694 1035 2795 contingens
1051 2691 1232 2796 sanguine
1246 2694 1411 2788 coelum,

271 2868 275 2874 ’
318 2841 431 2924 Alter
446 2844 568 2948 aquis,
593 2844 687 2944 alter
702 2841 884 2934 flammis,
911 2841 959 2922 ad
976 2839 1094 2924 fidera
1110 2839 1272 2925 mitius„
1353 2839 1356 2846 ’

179 2979 183 2986 ’
318 2985 480 3072 Fercula
496 3015 601 3072 nunc
616 2987 706 3072 audi
720 2985 835 3070 nullis
851 3003 986 3068 ornata
999 2982 1182 3069 macellis.

315 3133 381 3222 De
390 3132 603 3232 Tiburtino
614 3133 743 3218 veniet
758 3131 1024 3238 pinguiffimus
1033 3156 1128 3234 agro
1418 3137 1444 3212 6
1447 3145 1470 3238 ς

319 3277 527 3375 Hoedulur,
551 3297 592 3362 et
607 3297 692 3362 toto
707 3305 824 3382 grege
841 3278 1009 3373 mollior,
1032 3276 1171 3360 inscius
1185 3275 1329 3371 herbe,
1383 3364 1388 3380 ,

297 3401 298 3404 i
318 3423 408 3510 Nec
431 3425 533 3516 duna
545 3421 654 3524 ansus
671 3425 796 3526 vitgas
809 3419 970 3506 humilis
987 3419 1308 3516 mordere‘salitii,

314 3573 402 3676 Qi
418 3569 505 3674 plur
520 3569 629 3652 lactis
642 3563 760 3648 habet
774 3591 892 3670 quarn
908 3563 1113 3665 sanguiniS,
1138 3581 1178 3644 et
1193 3565 1370 3648 montani
1444 3539 1452 3562 ’

319 3715 519 3821 Asparagi,
543 3711 666 3814 pofito
681 3735 782 3814 quos
801 3708 896 3808 legit
911 3707 1035 3791 villica
1051 3706 1156 3789 fuso.·

182 3859 187 3868 ’
320 3859 494 3946 Grandia
508 3876 700 3964 praeterea,
724 3873 904 3958 tortoque
918 3854 1083 3937 calentia
1096 3851 1252 3958 foenn,
1418 3877 1479 3956 70·

20 4013 21 4020 Ν
144 4031 169 4058 ‘-
319 4011 407 4090 Ova
419 4005 554 4088 adsunt
571 4003 658 4107 ipfis
672 4029 771 4088 cum
783 4001 984 4100 matribus,
1009 4019 1049 4082 et
1064 3999 1214 4082 servata

318 4153 432 4240 Parte
450 4149 553 4244 anni,
580 4147 710 4253 quales
726 4143 878 4239 fuerant
892 4143 1101 4240 invitibus,
1125 4171 1228 4246 pvaea

1292 4363 1296 4374 .
1382 4289 1472 4392 Siga
1527 4327 1531 4334 ²
